2790 4214
520 286 628 341 LIBER
645 287 780 342 PRIMUS
1136 289 1154 352 τ

142 448 342 535 ’Λφροδίτης
359 451 432 533 ἦτοι
450 459 508 533 τῆς
526 457 594 533 γῆς.
631 449 773 537 ὕστερον
791 448 828 516 δὲ
846 454 967 538 ἤρισαν
985 453 1018 517 οἱ
1035 453 1195 518 ΓοίλλοιΡ

148 555 224 642 περὶ
247 556 428 641 δμοτιμίας,
451 555 505 621 καί
527 556 713 643 προσετέθη
736 559 773 623 τὸ
796 557 932 643 βένετον
955 560 1010 623 διδι
1033 559 1070 623 τὸ
1089 582 1157 623 τοι-

56 707 58 710 <
148 664 249 729 ούτου
272 665 442 749 χρώματος
465 658 551 728 εἶναι
573 665 613 729 τδι
637 665 749 747 ίμάτια
771 663 891 748 αὐτῶν,
915 666 962 742 είς
979 666 1078 748 τιμὴν
1096 674 1156 731 τοῦ

146 772 283 855 Κρόνου
306 769 326 853 ἢ
349 775 477 853 μᾶλλον
499 779 559 834 τοῦ
583 772 803 848 Ποσειδῶνος.
847 774 981 857 χρόνοις
1004 767 1041 836 δέ
1063 771 1156 837 ὕστε-

148 881 209 961 ρον
238 878 364 952 ἱκανοῖς
392 880 543 962 Σεβῆρος
571 876 588 942 δ
612 880 767 960 βασιλεὺς
790 877 957 962 Ῥωμαίων
983 879 1065 943 κατδι
1092 882 1156 942 Νί-
1183 905 1195 942 ι

147 1007 243 1069 χερος
273 982 508 1069 ἐκστρατεύσας
537 981 592 1047 καὶ
621 984 669 1060 είς
697 984 734 1048 τὸ
760 985 945 1062 Βυζάντιον
973 986 1157 1071 παραμενό-

147 1113 254 1173 μενος,
277 1089 338 1172 την
356 1098 421 1154 νῦν
437 1092 697 1155 Κωνσταντίνου
715 1092 816 1155 πόλιν
837 1088 893 1155 καὶ
915 1092 1070 1174 βασιλίδα
1089 1087 1157 1156 τῶν

147 1198 275 1262 πόλεων
298 1196 448 1278 ἀπασῶν,
471 1198 569 1274 κτιζει
592 1192 653 1279 μὲν
680 1195 784 1261 ἐκεῖσε
807 1198 863 1262 διὰ
885 1198 922 1262 τὸ
945 1206 1003 1280 τῆς
1030 1199 1157 1273 πόλεως

148 1298 316 1387 ἐπιτερπὲς
330 1303 474 1388 λουτρὸν
491 1299 712 1385 παμμέγεθες·
731 1303 839 1387 εὑρὼν
857 1298 895 1367 δέ
910 1301 1039 1368 καὶτὸν
1052 1323 1156 1387 παρα-

146 1413 299 1492 κείμενον
325 1410 429 1472 τόπον
456 1418 525 1483 τοῖς
548 1410 749 1493 Διοσκόροις
775 1408 992 1494 ἀνακείμενον
1024 1409 1156 1493 ἐποίησε
1170 1435 1196 1474 10

146 1524 266 1579 τούτου
296 1515 531 1600 ἱπποδρόμιον,
565 1515 684 1600 ἰκρίοις
711 1512 766 1579 καὶ
794 1525 906 1592 στοαῖς
933 1517 1156 1599 διακοσμήσας

147 1620 259 1703 αὐτόν,
282 1619 337 1685 καὶ
356 1622 456 1697 ἀλσος
476 1619 617 1700 ἐκκόψας
640 1621 702 1686 δύο
720 1632 823 1687 τινῶν
846 1621 1002 1706 ἀδελφῶν
1023 1624 1155 1689 ὑποκεί-

146 1750 248 1811 μενον
266 1727 440 1814 δεσποτεία
456 1725 512 1792 καὶ
530 1728 577 1804 είς
595 1727 632 1792 τὸ
650 1737 716 1793 νῦν
734 1728 906 1814 δρώμενον
922 1731 1042 1807 κάλλος
1056 1740 1154 1796 τοῦτο

145 1834 345 1917 μεταγαγών.
385 1834 443 1899 ’ὅτι
471 1833 621 1918 Ῥωμαῖοι
657 1836 698 1900 τά
734 1836 850 1918 δίζυχα
882 1837 1010 1922 ἀρματα
1041 1841 1260 1922 βίχαςῦεάιειι.

91 1997 99 2012 ,
145 1939 296 2024 ἐκάλουν,
320 1938 352 2019 ἐξ
376 1935 424 2005 ὧν
446 1939 501 2005 καὶ
524 1941 679 2026 βιχάριοι.
1168 1973 1194 2012 15

90 2054 130 2108 Rr
140 2055 160 2123 Ι,
172 2062 205 2110 13
245 2046 294 2110 13.
325 2047 478 2123 Πλεύσας
501 2045 631 2112 ἐκεῖθεν
654 2049 790 2125 Αἰνείας
817 2051 897 2133 μετὰ
924 2051 1049 2126 πολλοῖς
1077 2051 1155 2128 ὅσας
1168 2057 1194 2110 Χ

144 2154 270 2230 πλύνας
293 2154 466 2235 κατάγεται
489 2152 527 2219 ἐν
548 2156 643 2219 πόλει
661 2165 718 2238 τῆς
731 2153 870 2232 Ἰταλίας
889 2155 1049 2242 λεγομένη
1065 2160 1155 2220 Λαυ-

145 2262 267 2345 ρεντία,
294 2259 337 2342 ἣν
359 2258 413 2324 καί
431 2258 593 2344 Ὀππικην
615 2277 719 2345 φασιν
741 2262 975 2346 ὀνομασθῆναί
998 2283 1092 2345 ποτε,
1121 2260 1153 2341 ἐξ

143 2359 182 2447 ἧς
209 2364 485 2450 καὶεόππικίζειν,
513 2365 568 2431 καί
592 2367 636 2443 ὡς
662 2368 699 2432 τὸ
727 2373 872 2451 πλῆθος,
900 2368 1089 2452 ὀφφικίζειν
1115 2371 1153 2434 τὸ

143 2473 354 2558 βαρβαρίζειν
372 2470 492 2537 Ἰταλοὶ
515 2471 680 2555 λέγουσιν.
716 2468 787 2538 εἶτα
806 2473 1071 2560 ἐπιγαμβρεύσας
1085 2480 1152 2540 Λα-
1166 2499 1193 2538 εο

141 2580 222 2665 τίνςο
246 2580 458 2662 βασιλεύοντι
480 2588 538 2663 τῆς
561 2580 669 2666 χώρας
692 2581 791 2657 αὐτός
814 2604 849 2645 τε
867 2581 1065 2664 βασιλεύσας
1080 2607 1152 2668 τρι-

141 2681 198 2749 σὶν
225 2684 389 2763 ἐνιαυτοῖς
420 2693 551 2771 οίχεται.
597 2688 767 2752 τοσούτων
794 2682 856 2753 οὖν
884 2685 1153 2766 ἐπιξενωθέντων
1255 2773 1258 2777 ι

141 2799 199 2873 τῆς
212 2788 361 2875 Ἰταλίας,
381 2793 489 2878 ὥσπερ
510 2792 655 2876 ἐδείχθη,
675 2797 841 2870 Λατίνους
858 2789 920 2878 μὲν
937 2797 1016 2872 τοὺς
1035 2794 1257 2865 ἐπι-Χύεάιεο.

142 2898 375 2982 χωριοίζοντας,
399 2901 564 2983 Γραικοὺς
587 2895 625 2963 δέ
647 2901 725 2976 τοὺς
749 2897 977 2983 ἕλληνιζοντας
1000 2901 1151 2986 ἐκάλουν,

143 3001 206 3067 ἀπὸ
226 3007 373 3069 Λατίνου
391 3014 451 3069 τοῦ
471 3007 545 3091 ἀρτι
563 3004 643 3090 ἡμῖν
662 3005 824 3092 ῥηθέντος
841 3005 896 3071 καί
911 3011 1067 3093 Γραικοῦ,
1086 3020 1153 3074 τῶν
1166 3019 1192 3070 Χ

141 3107 307 3193 ἀδελφῶν,
332 3111 376 3188 ὥς
398 3128 501 3195 φησιν
519 3110 674 3189 Ἡσίοδος
696 3111 734 3177 ἐν
756 3115 974 3196 Καταλόχοις·
1166 3137 1191 3177 ιο

213 3391 236 3427 v.
258 3378 291 3426 14
310 3371 353 3427 ὅτι
363 3371 492 3443 Ῥωμαῖοι
503 3406 537 3414 -
554 3380 586 3429 15
601 3373 723 3446 βιχάριοι
738 3375 811 3430 Geor
833 3420 837 3430 .
853 3375 966 3431 Oedren.
981 3374 1047 3429 hist.
1062 3392 1149 3447 comp.

138 3461 168 3532 ρ.
183 3449 261 3512 299,3
280 3445 367 3499 Bonn.
460 3451 492 3499 17
516 3445 619 3517 κατάχε
635 3447 662 3500 Β
749 3453 782 3501 19
806 3395 940 3511 ἀττικίζειν
957 3447 986 3501 A
1070 3453 1105 3502 20
1124 3449 1151 3504 οἱ

147 3515 239 3569 Ιταλοῖ
258 3515 285 3568 Β
306 3519 310 3585 Ι
332 3511 403 3587 εἶτα]
422 3513 447 3570 εἶ
464 3517 492 3570 Α
577 3523 610 3570 23
629 3515 767 3581 Λατίνους
789 3519 854 3580 τοὺς
876 3516 1150 3587 ἐπιχωριάζοντας-

142 3590 176 3637 24
200 3582 388 3654 ἑλληνίζοντες
414 3590 545 3642 καλοῖσιν
573 3587 672 3658 Georg.
697 3588 811 3643 Cedren.
834 3587 898 3642 hist.
923 3605 1011 3660 comp.
1030 3609 1057 3660 p.
1073 3597 1152 3660 299,ι

141 3655 221 3710 Bonn
250 3659 255 3726 Ι
276 3655 390 3728 ἐδείχθη
411 3659 505 3720 αὐτοῖς
524 3657 651 3722 λατίνους
670 3660 702 3713 Χ
771 3665 805 3712 24
824 3659 938 3730 χραικὸς
955 3661 983 3714 Α
