2790 4214
236 286 278 351 68
476 283 584 340 LIBER
602 283 778 350 QUARTUS.
805 283 1005 340 IANUARIUS

194 448 351 534 ΡῬάμης
378 447 559 534 ἀκρόπολιν
585 449 650 535 πρὸ
677 458 735 532 τῆς
761 453 945 534 παρουσίας
967 451 1107 514 Αἰνείου
1134 449 1247 535 εὑρεῖν

235 554 288 621 ἐπὶ
317 563 378 620 τοῦ
404 557 508 620 τόπον
536 555 671 640 δάφνην
696 556 779 620 κατὰ
804 555 909 640 τύχην
935 553 990 620 καὶ
1017 555 1122 631 οὑτως
1144 556 1247 620 πάλιν

235 661 328 727 ἐᾶσαι
355 661 460 745 αὐτὴν
487 661 591 727 ἐκεῖσε
616 659 799 746 διαμένειν·
826 660 881 727 καὶ
909 663 965 726 διά
992 671 1090 727 τοῦτο
1117 660 1172 727 καὶ
1195 661 1247 726 ἐν·

234 774 345 832 ταῦθα
375 768 521 853 Δάφνην
554 769 842 855 προσαγορεύουσι
877 770 915 834 τὸ
948 769 1128 834 Παλάτιον.
1186 769 1248 851 την

208 875 370 958 εδάφνην
406 871 443 940 δὲ
480 876 512 940 οἱ
549 873 684 940 παλαιοὶ
719 883 766 963 τῷ
796 873 981 940 Ἀπόλλωνι
1016 881 1245 961 καθιεροῦσιν,

172 990 220 1044 Ps
236 981 287 1045 ὅτι
314 981 420 1067 πυρὸς
445 987 567 1066 πλῆρες
594 983 631 1047 τὸ
660 982 768 1066 φυτὸν
795 983 839 1057 ὥς
862 997 967 1066 φησιν
989 981 1007 1047 δ
1032 981 1248 1066 Πλούταρχος

103 1161 107 1172 .
197 1085 291 1152 Ριιαὶ
321 1087 339 1153 ὁ
364 1085 535 1153 Ἀπόλλων
563 1097 645 1175 πῦρ·
678 1087 695 1153 ὁ
725 1088 818 1170 ἥλιος
846 1088 910 1172 γάρ
941 1087 1039 1153 ἐστιν.
1081 1088 1164 1154 ὅθεν
1192 1085 1248 1152 καὶ

237 1192 459 1277 ἀπεχθάνεται
482 1194 616 1279 δαίμοσι
639 1204 738 1259 τοῦτο
761 1195 798 1259 τὸ
817 1195 926 1278 φυτὸν
943 1192 998 1258 καὶ
1017 1197 1119 1260 ἔνθεν
1136 1193 1179 1259 άν
1197 1199 1247 1277 εἴη

235 1301 357 1385 δάφνη,
381 1299 530 1365 ἐκποδὼν
549 1302 714 1386 δαίμονες,
737 1299 801 1365 κάν
818 1311 889 1376 ταῖς
911 1303 1080 1385 μαντείαις
1097 1303 1247 1376 καίοντες

194 1432 221 1472 10
235 1407 359 1490 ταύτην
381 1407 414 1472 ολ
437 1409 612 1493 ἅνθρωποι
633 1407 841 1493 παράστασιν
863 1411 1066 1493 προφητείας
1089 1405 1248 1472 δοκοῦσιν

171 1523 218 1578 PS
234 1511 417 1599 εὑρηκέναι.
445 1513 478 1578 οἱ
491 1515 703 1599 παλαιότεροι
718 1509 755 1579 δὲ
768 1511 913 1601 τῷἍρει
927 1514 989 1596 την
1000 1514 1133 1598 δάφνην
1142 1512 1249 1578 ἀνετί-

233 1627 355 1703 θησαν,
371 1620 403 1685 οἱ
422 1615 460 1683 δὲ
477 1617 545 1704 μετ’
563 1619 686 1696 αὐτοὺς
698 1627 744 1707 τῷ
757 1618 871 1707 Ἡλίφ,
890 1619 973 1684 ὅθεν
991 1617 1046 1684 καὶ
1060 1621 1139 1696 τοὺς
1149 1643 1249 1703 νικη·

234 1727 292 1801 τὰς
305 1736 372 1789 τῶν
386 1729 553 1809 πολεμίων
566 1727 711 1810 δάφναις
724 1728 875 1810 ἔστεφον,
889 1726 999 1811 ὥσπερ
1013 1727 1092 1802 τοὺς
1101 1735 1249 1811 σωτῆρας

234 1831 337 1895 πάλιν
350 1839 389 1916 τῇ
404 1832 494 1916 δρυΐ,
508 1831 564 1897 διά
578 1833 616 1896 τὸ
631 1835 797 1916 σωτηρίαν
810 1841 880 1908 τοῖς
893 1833 995 1897 πάλαι
1008 1833 1073 1918 πρὸ
1087 1840 1145 1915 τῆς
1154 1833 1250 1915 εὑρη-

195 1963 221 2003 15
235 1953 317 2013 σεως
330 1946 390 2002 τοῦ
405 1939 499 2002 σίτου
517 1939 578 2021 την
596 1939 682 2024 δρῦν
700 1944 915 2021 γεγενῆσθαι·
933 1940 1100 2022 βαλάνους
1113 1940 1177 2024 γάρ
1191 1941 1249 2022 ἥσ-

194 2055 219 2108 Χ
234 2049 315 2108 θιον
329 2044 361 2108 οἱ
374 2041 510 2108 παλαιοὶ
524 2042 599 2109 ἀντὶ
614 2048 716 2110 σίτου.
753 2044 771 2110 ὁ
788 2040 825 2109 δὲ
835 2043 1046 2121 Ἐλπιδιανὸς
1061 2043 1097 2109 ἐν
1112 2053 1159 2133 τῷ
1173 2043 1249 2130 περὶ

236 2147 362 2235 ἑορτῶν
379 2152 525 2237 στρήναν
542 2152 604 2235 τὴν
619 2151 737 2235 ὑγείαν
754 2161 793 2237 τῇ
809 2154 968 2235 Σαβίνων
982 2160 1078 2236 φωνῇ
1092 2150 1252 2234 λέγεσθαί

168 2267 221 2322 ΧΡ
236 2273 334 2342 φησι,
365 2254 413 2322 δι’
446 2256 489 2340 ἣν
516 2258 627 2343 φύλλα
657 2259 786 2343 δάφνης
815 2257 986 2324 ἐπεδίδοτο
1013 2268 1083 2333 τοῖς
1111 2258 1250 2343 ἄρχουσι

235 2366 324 2448 παρὰ
354 2373 415 2430 τοῦ
447 2364 556 2449 δήμου
586 2374 625 2449 τῇ
658 2365 771 2450 πρώτη
802 2373 864 2429 τοῦ
892 2361 1102 2448 Ἰανουαρίου
1133 2365 1250 2448 μηνός·

147 2479 224 2534 XPS
237 2470 351 2553 ὑγείας
379 2471 443 2556 γάρ
471 2469 562 2536 ἐστιν
587 2470 770 2557 ἐργαστική.
821 2466 900 2535 οὐδὲ
922 2471 986 2552 γὰρ
1011 2470 1084 2554 λερδι
1106 2472 1206 2546 νόσος
1228 2468 1248 2554 ἦ

196 2603 222 2641 21
236 2577 364 2659 δαίμων
386 2578 492 2662 βαρὺς
519 2575 688 2660 ἐνοχλήσει
715 2585 761 2664 τῷ
784 2577 873 2663 τόπῳ
896 2574 934 2640 ἐν
957 2566 984 2663 ᾧ
1007 2576 1124 2659 δάφνη
1149 2575 1249 2659 ἐστίν,

307 2749 331 2785 v.
348 2736 363 2784 6
382 2731 405 2786 S
420 2731 490 2785 haec
508 2731 608 2786 habet:
628 2730 670 2786 ὄτι
689 2733 722 2786 οὑ
756 2729 817 2800 ἱερὰ
831 2729 913 2794 νόσος
926 2733 982 2802 (20)
997 2764 1033 2771 —
1046 2749 1073 2800 p.
1085 2737 1153 2801 69,1
1172 2741 1250 2802 συκῆ.

159 2865 161 2871 ,
238 2799 280 2856 ὅτι
308 2801 472 2871 σκεδαστιιιὴ
500 2801 652 2871 φασμάτων
680 2752 749 2856 ἐστί·
777 2802 863 2872 ταὺτη
892 2802 920 2857 οὶ
937 2834 973 2842 -
991 2801 1250 2875 μεταλαμβάνουσιν

238 2875 274 2943 (p.
290 2877 333 2941 68,
342 2874 371 2943 4)
389 2871 427 2936 ὥς
440 2889 526 2943 φησιν
545 2872 559 2926 ὁ
578 2873 759 2944 πλοίπαρχος,
777 2873 865 2942 πυρὸς
882 2870 984 2943 πλῆρές
1001 2873 1058 2928 ἐστι
1075 2873 1107 2929 τδ
1121 2882 1250 2929 τοιοῦτον

238 2942 337 3014 φυτόν,
355 2945 404 2998 ιιαλ
422 2943 471 2998 διδι
488 2952 570 2998 τοῦτο
589 2941 738 3015 ἀπείχοντο
757 2943 896 3014 δαίμονες.
932 2945 981 2999 nal
1000 2944 1028 2999 οἱ
1046 2943 1096 3014 μὲν
1112 2944 1200 3000 πάλαι
1213 2954 1251 3000 τῶ

238 3015 301 3085 άρει
313 3022 395 3069 τοῦτο
413 3013 589 3084 ἀνετίθεσαν,
607 3016 655 3070 καὶ
674 3015 723 3070 διὰ
741 3024 822 3070 τοῦτο
841 3017 906 3079 τοὺς
923 3015 1039 3085 τιμητὰς
1056 3026 1111 3071 τῶν
1124 3013 1251 3085 πολέμων

238 3085 363 3157 δάφναις
372 3085 495 3155 ἔστεφον.
523 3086 551 3141 ολ
565 3085 596 3140 δὲ
611 3085 668 3156 μετ’
682 3087 784 3149 αὑτοὺς
797 3096 835 3142 τῶ
843 3085 919 3156 ἡλίω.
947 3089 1013 3150 τοὺς
1022 3085 1053 3142 δὲ
1063 3095 1187 3157 σωτῆρας
1194 3096 1251 3142 τῶν

237 3156 345 3214 πόλεων
364 3155 502 3227 δρυϊδίοις
521 3157 647 3227 ἔστεφον·
667 3167 705 3212 τῶ
724 3165 825 3228 σωτῆρι
838 3168 897 3221 τοῖς
910 3157 998 3213 πάλαι
1011 3159 1060 3213 ιιαλ
1073 3158 1182 3228 τροφὴν
1195 3159 1251 3227 πρὸ

238 3239 290 3354 ²⁰}
305 3226 745 3355 ὑωίοτὴνδάίί-οῗίίίίίλλ
768 3301 797 3354 P
813 3235 829 3283 ⁶
846 3228 1117 3355 ὑλλλλούῖλρίίέ
1131 3228 1254 3354 οδῗλῗ

238 3305 424 3442 ῗηςνδὺιφνης,
443 3371 486 3426 ὅτι
503 3373 551 3426 ιιαλ
570 3355 665 3442 ὑγείάς
682 3343 756 3425 ἐστὶν
772 3369 930 3442 ἑργαστιιιή·
950 3344 1020 3425 ὅθεν
1034 3323 1083 3426 ιίὺιλ
1096 3322 1186 3441 φὺλλα
1200 3321 1251 3425 αὑ-

239 3449 288 3510 τῆς
306 3441 468 3498 ἐνεδίδοντο
486 3452 545 3506 τοῖς
562 3442 678 3513 άρχονσι
700 3441 778 3510 παρὰ
795 3450 844 3496 τοῦ
864 3441 955 3510 δήμου
972 3450 1006 3512 τῇ
1024 3444 1118 3513 πρώτη
1137 3450 1187 3497 τοῦ
1206 3443 1251 3496 λιι-

239 3510 374 3580 νουαρίου
388 3511 485 3584 μηνός·
500 3513 567 3569 οὑδὲ
581 3513 633 3584 γὰρ
649 3515 703 3584 (20)
717 3517 773 3568 ιιτλ.
788 3514 816 3568 Ρ
829 3515 833 3584 λ
851 3512 865 3567 δ
881 3513 912 3567 δὲ
927 3513 1086 3576 ἐλπιδιοινδς
1096 3547 1130 3554 -
1141 3520 1173 3568 18
1189 3512 1250 3568 ἐπε-

239 3581 348 3637 δίδοτο·
367 3584 528 3653 ὑγιαστιιιδν
546 3583 578 3639 δὲ
591 3584 623 3640 τδ
638 3582 739 3654 φυτόν
759 3583 826 3640 οὑδὲ
840 3583 892 3656 γάρ
907 3585 939 3638 Χ
1010 3590 1042 3638 17
1062 3592 1183 3654 οτρῆναν
1197 3585 1225 3638 Α
1245 3585 1250 3658 Ι

240 3652 356 3726 σαβίνου
374 3656 402 3709 Α
418 3658 422 3725 Ι
439 3665 518 3727 φωνῇ
537 3657 573 3726 Α,
591 3657 696 3728 γλάσση
715 3657 743 3710 Β
815 3662 848 3710 21
868 3653 977 3725 δαίμων
994 3659 1161 3727 παρενοχλεῖ
1177 3657 1206 3710 Ρ
