2788 4222
214 261 354 318 LXXVIII
614 261 820 318 PRAEFATIO

212 430 328 505 licebit,
360 431 433 506 quid
462 451 498 490 ex
525 431 577 506 iis,
608 450 685 508 quac
717 430 789 491 olim
814 430 938 508 singulis
969 431 1053 491 libris
1085 432 1226 494 tribuerit

213 520 339 578 Ioannes
366 520 481 596 Lydus,
512 520 598 580 hodIe
631 520 768 596 supersit.
813 519 951 579 docemur
983 524 1084 580 autern
1114 522 1225 598 titulis,

213 609 265 684 qui
288 627 307 667 a
328 609 492 668 Barbarina
515 608 626 668 servati
651 612 721 668 sunt
747 608 929 688 recensione,
957 610 1085 670 alterum
1112 610 1223 670 librum

212 695 391 773 1111111111
417 694 541 779 ἡμέρας,
567 697 691 757 tertium
716 695 783 779 περὶ
805 696 912 776 μηνός,
941 701 1081 775 quartum
1103 699 1139 760 de
1162 701 1222 760 sin·

211 787 289 863 gulis
308 787 457 846 mensibus
475 787 682 862 conscriptum.
719 787 802 846 deest
820 787 929 846 titulus
946 788 1043 863 primo
1062 789 1117 847 soli
1135 788 1223 863 libro,

212 875 264 950 qui
301 875 432 935 omnium
467 875 594 935 maxime
630 875 788 935 mutilatus
824 879 1039 952 corruptusque
1076 879 1137 951 est,
1176 879 1222 938 ita

210 967 246 1022 ut
272 964 304 1023 in
334 965 516 1041 disponenda
545 963 608 1024 eius
637 964 764 1023 materia
794 964 1015 1041 desperaverint
1042 965 1100 1024 viri
1127 966 1221 1026 docti:

211 1073 247 1111 ne
271 1053 307 1112 de
330 1057 505 1130 argumento
526 1053 645 1129 quidem
662 1053 745 1112 illius
763 1051 932 1128 constabat3
956 1073 1015 1130 quo
1034 1054 1221 1130 factumest,

210 1144 245 1200 ut
269 1141 323 1201 Gu.
342 1143 471 1202 Roether
493 1143 524 1201 in
548 1142 676 1202 editione
699 1141 767 1202 huic
790 1142 866 1201 libro
888 1142 1072 1219 inscripserit
1090 1137 1219 1219 ‘excerp-

210 1234 310 1290 torum
332 1231 408 1291 varii
431 1226 620 1309 argumenti’.
665 1234 810 1306 attamen,
834 1231 859 1290 si
882 1231 1016 1308 singulas
1038 1233 1127 1308 pn'mi
1149 1231 1220 1292 libri

210 1320 412 1397 paragraphos
427 1321 594 1380 accuratius
610 1321 896 1396 perlustraverimns,
915 1324 1124 1397 argumentum
1141 1320 1219 1380 illud

209 1409 290 1468 haud
320 1409 365 1468 ita
396 1411 513 1470 varium
544 1409 635 1469 fuisse
666 1409 880 1486 intellegemus.
929 1409 1098 1487 fragmenta
1130 1410 1219 1484 euim,

210 1517 287 1573 quae
309 1497 397 1556 hodie
420 1501 586 1575 supersunt,
609 1498 755 1575 quomodo
779 1498 851 1556 olim
873 1499 952 1556 inter
975 1516 1004 1556 11
1024 1497 1217 1572 cohaeserint,

208 1586 318 1646 indicio
342 1590 387 1646 est
409 1585 428 1662 ἓ
448 1590 499 1664 37,
522 1606 612 1664 quam
635 1607 650 1645 e
672 1586 858 1663 praefatione
880 1586 956 1646 libro
980 1587 1015 1645 de
1034 1587 1217 1664 magistrati-

208 1675 262 1734 bus
286 1676 449 1751 praemissa
475 1676 532 1735 huc
554 1676 732 1736 translatam
760 1693 822 1734 esse
850 1693 940 1751 supra
962 1675 1076 1734 monui:
1104 1672 1138 1735 τὰ
1161 1673 1217 1755 γὰρ

209 1761 336 1841 ἐπίσημα
367 1769 426 1824 τῶν
457 1761 605 1844 ἀρχόντων
637 1762 695 1824 aab
730 1763 873 1824 Θούσκων
905 1760 1004 1842 λαβὼν
1034 1761 1050 1824 d
1080 1763 1217 1843 βασιλεὺς

209 1854 335 1930 Νουμᾶς
361 1862 397 1937 τῇ
425 1853 554 1936 πολιτείᾳ
581 1851 749 1932 εἰσήγαγεν,
777 1851 872 1932 ὥσπερ
899 1850 949 1912 acl
975 1857 1034 1912 τῶν
1062 1851 1160 1912 ὅπλων
1182 1852 1216 1930 τὸ

208 1940 357 2021 δύσμαχον
380 1939 438 2002 ἀπὸ
461 1943 608 2001 Γαλατῶν.
652 1941 753 2000 fuerat
775 1942 885 2016 autem,
911 1944 947 2001 ut
970 1960 1005 2000 ea
1031 1961 1107 2017 quae
1130 1961 1215 2017 prae·

208 2031 316 2089 cedunt
345 2049 397 2090 nos
428 2030 563 2106 edocent,
592 2030 624 2089 in
650 2031 747 2106 primo
774 2030 810 2088 de
839 2030 989 2090 mensibus
1016 2030 1092 2090 libro
1120 2031 1215 2090 frisius

207 2119 391 2194 disputatum
414 2119 450 2178 de
473 2118 564 2195 Lydis
591 2138 750 2194 eorumque
777 2118 926 2194 mysterIis
951 2119 988 2178 ab
1011 2119 1144 2180 Etruscis
1167 2138 1214 2178 ac-

207 2209 300 2284 ceptis
324 2211 354 2267 et
376 2208 412 2267 111
434 2209 663 2286 magistratuum
685 2208 873 2284 milltumque
894 2207 1059 2286 insignibus
1079 2227 1097 2267 a
1114 2209 1215 2268 Numa

206 2296 353 2373 Pompilio
369 2297 495 2356 Romam
514 2298 623 2372 allatis,
643 2317 719 2374 quae
737 2315 785 2356 res
803 2315 909 2357 causae
927 2297 994 2372 fuit,
1012 2300 1047 2356 ut
1065 2315 1115 2356 eos
1133 2298 1215 2361 locos

205 2384 274 2444 libri
296 2386 333 2446 de
356 2387 589 2464 magistratibus,
614 2386 719 2462 quibus
742 2385 870 2463 insignia
893 2386 1039 2461 quaedam
1061 2385 1109 2444 uel
1128 2386 1212 2461 insti-¹

204 2477 272 2532 tuta
294 2476 526 2552 magistratuum
548 2475 737 2550 militumque
760 2473 899 2534 describit
920 2473 1021 2550 Lydus
1044 2474 1213 2550 quibusque

204 2563 345 2622 lectorem
372 2564 411 2622 111
436 2564 546 2623 librum
571 2561 638 2642 περὶ
664 2567 768 2642 μηνῶν
799 2563 928 2640 relegat,
955 2564 1025 2622 huic
1051 2564 1146 2639 primo
1175 2563 1212 2620 de

204 2650 352 2710 mensibus
366 2651 467 2712 libello
481 2656 634 2728 tamquam
644 2649 857 2729 ἀποσπάσματα
867 2652 1004 2711 adderem
1014 2644 1048 2733 (§
1058 2644 1212 2732 38—41).
1292 2707 1294 2716 ,

205 2743 235 2798 et
262 2740 365 2798 extant
391 2760 423 2799 re
449 2760 521 2800 vera
547 2740 642 2817 ipsius
669 2740 739 2798 libri
765 2740 947 2816 fragmenta,
976 2741 1084 2817 quibus
1111 2743 1212 2799 actum

203 2829 294 2888 tuisse
313 2828 348 2886 de
367 2828 590 2906 magistratibus
610 2847 770 2904 eorumque
787 2829 893 2888 habitu
911 2833 1012 2905 aperte
1031 2830 1210 2888 demonstre-

203 2919 266 2992 tur,
294 2917 411 2976 etiamsi
437 2919 513 2976 nihil
542 2917 625 2976 aliud
654 2917 691 2978 ab
722 2917 967 2993 epitomatoribus
996 2919 1141 2978 traditum
1171 2919 1212 2976 sit

202 3006 262 3066 nisi
283 3006 481 3082 compluribus
504 3007 576 3067 locis
595 3007 690 3065 latina
707 3007 939 3084 magistratuum
956 3008 1077 3066 nomina
1095 3026 1209 3066 eorum·

204 3115 262 3170 que
283 3095 380 3155 versio
407 3114 526 3172 graeca:
557 3114 633 3172 quae
660 3096 828 3173 fragmenta
856 3096 894 3154 ad
920 3096 1100 3173 paragraphi
1127 3095 1211 3154 illius

203 3187 244 3243 37
269 3185 478 3244 anctoritatem
499 3185 544 3243 ita
571 3184 796 3260 explicabImus,
822 3188 857 3243 ut
884 3185 977 3242 artius
1000 3185 1055 3242 illa
1076 3186 1155 3243 inter
1178 3203 1210 3244 11

202 3273 365 3333 cohaesisse
381 3273 529 3349 quondam
547 3292 698 3333 sumamus
717 3276 871 3349 tamquam
890 3293 906 3332 e
922 3273 1062 3332 1111111111
1081 3273 1211 3348 descrip-

202 3363 283 3421 tione
305 3382 405 3420 rerum
427 3381 446 3420 a
463 3361 563 3420 Numa
584 3361 732 3438 PompiIio
755 3363 961 3422 instItutarum
981 3361 1108 3437 residua,
1130 3362 1209 3420 unde

202 3453 306 3510 auctor
329 3451 447 3527 saepius
470 3450 609 3527 delapsus
633 3455 677 3510 est
700 3452 738 3510 ad
760 3451 906 3511 vocabula
923 3451 1126 3510 Romanorum
1143 3453 1210 3508 tarn

201 3540 313 3598 usitata
336 3558 425 3615 quam
447 3540 591 3599 inusitata
615 3540 796 3616 explicanda.
833 3543 923 3616 atque
941 3541 1070 3615 primum
1089 3539 1209 3614 quidem

200 3629 318 3687 Numae
336 3647 443 3686 nomen
461 3630 590 3688 occurrit
612 3627 631 3704 ξ
652 3631 702 3705 17,
726 3628 839 3704 quade
858 3647 935 3688 anno
955 3627 1109 3686 duodecim
1127 3647 1208 3691 menz
