2760 4234
236 298 299 362 116
502 297 609 351 LIBER
628 295 805 362 QUARTUS.
833 296 972 352 APRILIS

192 470 218 524 X
233 460 275 525 δν
285 467 334 544 είη
344 460 362 527 6
373 460 523 545 Μάρτιος
532 497 584 542 -,
595 459 862 545 προστιθεμένην
872 457 908 525 δὲ
918 468 963 547 τῷ
972 457 1139 544 Ἀδώνιδι,
1150 483 1245 524 τουτ-

234 566 302 633 έστι
334 575 380 656 τῷ
408 569 523 655 Μαΐῳ,
558 565 634 632 καθ’
662 565 702 631 δν
731 568 794 651 ἤδη
823 565 877 632 καί
909 566 1027 652 ἐαρίζει
1062 568 1103 632 τὰ
1130 567 1244 653 ὄρνεα·

233 683 353 740 τοῦτον
376 670 414 739 δὲ
436 673 656 759 ἀναιρεθῆναι
679 673 744 738 ὑπὸ
766 682 827 740 τοῦ
840 671 958 758 Ἄρεος
981 671 1245 758 μεταβληθέντος

235 781 282 857 είς
308 775 367 863 ὗν,
399 777 503 846 οἱονεὶ
530 780 567 846 τὸ
596 781 653 865 ἔαρ
681 779 747 844 ὑπὸ
777 788 837 846 τοῦ
865 778 989 865 θέρους
1018 778 1244 864 ἀναιρεῖσθαι·

208 888 342 973 εθερμη
365 887 428 973 γάρ
452 886 472 969 ἡ
496 886 598 970 φύσις
619 896 680 954 τοῦ
702 886 762 963 δὸς
783 885 838 952 καὶ
861 884 936 952 ἀντὶ
959 895 1020 951 τοῦ
1042 883 1166 971 θέρους
1186 884 1245 950 αὐ-

235 993 295 1057 τὸν
326 994 359 1057 οἱ
394 992 534 1077 μυθικοδ
571 994 807 1077 λαμβάνουσιν.
862 991 881 1076 ἣ
919 994 963 1068 ὡς
999 994 1113 1069 ἄλλοις
1144 993 1245 1075 δοκοί,

226 1097 370 1176 ’Ἀδωνις
392 1098 453 1184 μέν
476 1099 566 1165 ἐστιν
588 1099 606 1166 6
629 1103 764 1185 καρπός,
777 1098 879 1186 ’Ἇρης
898 1096 935 1165 δὲ
954 1099 972 1164 6
991 1108 1063 1176 σῦς·
1086 1097 1246 1182 πολέμιον

236 1202 273 1272 δὲ
295 1205 332 1270 τὸ
356 1210 440 1286 ζῶον
462 1217 532 1282 τοῖς
558 1217 712 1293 καρποῖς,
739 1207 848 1291 ὥσπερ
876 1208 1036 1291 σωτήριος
1062 1207 1156 1288 βοῦς·
1188 1202 1242 1269 καί

237 1315 293 1379 διδι
315 1322 413 1379 τοῦτο
433 1314 612 1395 Αἰγύπτιοι
635 1315 684 1379 ἔτι
706 1311 761 1378 καί
784 1322 849 1378 νῦν
871 1315 962 1396 βοῶν
981 1308 1043 1396 μὲν
1061 1312 1105 1388 ὡς
1124 1309 1246 1376 ἐπίπαν

195 1447 223 1486 ιο
237 1418 427 1505 ἀπέχονται,
460 1431 529 1496 τοῖς
561 1415 599 1484 δὲ
629 1420 734 1497 ὑείοις
766 1421 810 1496 ὡς
841 1419 982 1504 μάλιστα
1008 1418 1092 1504 πρὸς
1118 1416 1247 1500 ἐδωδὴν

236 1525 500 1612 κατακέχρηνται.
545 1525 731 1612 Εὐριπίδης
753 1522 791 1591 δὲ
808 1522 1011 1612 Ἀφροδίτην
1033 1523 1138 1608 αὐτὴν
1160 1523 1246 1602 ἄξιοί

237 1633 466 1717 ὀνομασθῆναι
490 1631 525 1697 έιι
547 1641 607 1698 τοῦ
631 1634 780 1717 άφρονας
802 1634 881 1708 τοὺς
904 1631 1048 1718 ἐρῶντας
1065 1631 1245 1697 ἀποτελεῖν.

237 1739 255 1804 6
279 1735 316 1803 δέ
334 1740 531 1824 Χρύσιππος
554 1738 594 1804 οὐ
613 1740 752 1822 Διώνην
774 1737 859 1804 ἀλλά
876 1740 1029 1823 Διδόνην
1049 1738 1154 1822 αὐτὴν
1172 1738 1247 1803 ὀνο-

237 1846 397 1929 μάζεσθαι
420 1843 507 1924 άξιοῑ
528 1846 618 1930 παρὰ
645 1846 682 1910 τὸ
711 1845 898 1911 ἐπιδιδόναι
924 1847 983 1922 τδς
1009 1853 1067 1928 τῆς
1089 1843 1247 1928 γενέσεως

198 1976 224 2016 15
239 1949 370 2034 ἡδονάς,
394 1951 530 2036 Κύπριν
553 1947 590 2015 δὲ
613 1951 844 2036 ὀνομασθῆναι
865 1954 955 2037 παρά
977 1952 1015 2018 τὸ
1037 1951 1132 2016 κύειν
1148 1949 1248 2036 παρέ-

239 2081 320 2142 χειν,
347 2055 403 2122 καί
425 2060 622 2143 Κυθηρείην
644 2056 780 2142 ὁμοίως,
807 2059 896 2144 παρὰ
923 2059 960 2123 τὸ
988 2057 1032 2143 μὴ
1059 2060 1164 2142 μόνον
1191 2057 1248 2121 άν-

239 2165 390 2249 θρώποις
413 2162 497 2229 άίίδ
519 2162 574 2228 νιαδ
592 2167 726 2250 θηρίοις
745 2165 782 2228 τὸ
801 2165 895 2230 κύειν
915 2163 1111 2230 ἐπιδιδόναι.
1148 2167 1249 2229 ἔνθεν

236 2269 355 2356 Ἑρμῆς
373 2269 410 2335 έν
428 2279 467 2357 τῇ
486 2273 685 2358 ιιοσμοποιΐςι
702 2267 818 2356 τὰμὲν
833 2267 916 2357 ὑπὲρ
931 2271 1041 2355 ὀσφὺν
1055 2273 1178 2358 ἄρρενα
1192 2279 1250 2354 τῆς

234 2375 444 2463 Ἀφροδίτης,
467 2377 507 2441 τά
525 2373 562 2441 δὲ
580 2375 647 2463 μετ’
662 2376 766 2462 αὐτὴν
778 2381 884 2462 θήλεα
902 2379 1143 2465 παραδίδωσιν·
1167 2378 1249 2443 ὅθεν

200 2511 226 2550 ιο
241 2484 423 2567 Πάμφυλοι
449 2481 504 2549 καὶ
531 2485 674 2566 πώγωνα
701 2487 843 2570 ἔχουσαν
870 2484 1026 2569 ἐτίμησαν
1049 2482 1250 2570 Ἀφροδίτην

239 2587 331 2653 ποτέ·
354 2596 513 2673 τεχθῆναι
531 2588 561 2655 δ’
580 2589 685 2674 αὐτὴν
703 2590 854 2669 ἀξιοῦσιν
872 2590 936 2656 άπὸ
955 2602 1023 2656 τῶν
1035 2593 1171 2676 Κρόνου
1189 2615 1249 2674 μη-

241 2691 336 2776 δέων,
350 2693 520 2760 τουτέστιν
534 2695 668 2761 ἀπὸτοῦ
683 2697 813 2780 αἰῶνος,
826 2696 846 2780 ἡ
861 2692 899 2762 δδ
913 2697 1014 2781 φύσις
1025 2697 1249 2783 τῶνπρανμά-

240 2823 307 2864 των
321 2799 428 2875 άίδιος
441 2798 495 2864 καί
509 2801 691 2886 άφθαρτος.
716 2804 846 2886 βενίσαι
859 2803 895 2868 τδ
910 2801 1148 2888 ἀφροδισιάσαι
1161 2805 1250 2890 παρὰ

241 2913 286 2993 τῷ
313 2907 435 2989 πλήθει
464 2904 600 2989 λέγεται.
646 2906 664 2973 6
694 2902 732 2972 δὲ
759 2908 903 2974 Πλάτων
932 2909 994 2974 δύο
1021 2911 1250 2996 παραδίδωσιν

201 3041 227 3082 ει
237 3012 445 3098 Ἀφροδίτας,
468 3011 639 3098 Οὐρανίαν
657 3011 712 3078 καί
731 3015 927 3099 Πάνδημον·
951 3012 1005 3080 καὶ
1023 3016 1084 3098 τὴν
1102 3012 1163 3099 μέν
1180 3027 1251 3094 τοῖς

240 3127 345 3204 θεοῖς,
368 3122 430 3203 τὴν
448 3115 487 3184 δέ
504 3110 581 3195 τοῖς,
592 3119 785 3206 ἀνθρώποις
802 3119 1021 3208 ταράττεσθαι·
1045 3123 1077 3186 οἱ
1099 3119 1136 3186 δὲ
1155 3124 1250 3188 ἄλλοι

311 3314 335 3351 v.
352 3301 383 3348 11
403 3293 467 3348 Eur.
487 3293 587 3349 Troad.
607 3300 659 3349 989
732 3301 766 3348 24
784 3295 865 3351 Plato
885 3295 978 3367 Symp.
997 3314 1023 3367 p.
1040 3295 1124 3352 1801)

313 3454 528 3546 τ.1τρῦ]τδΒ
609 3456 779 3525 θσωτηρίδ
795 3456 914 3538 pom,
933 3457 1054 3537 οριι.Α,
1139 3463 1171 3512 18
1186 3454 1251 3527 Ἑρ-

243 3533 295 3595 μῆς
308 3558 343 3566 -
357 3531 391 3580 20
411 3525 571 3596 Αφροδίτην
589 3523 657 3581 ποτέ
670 3526 835 3582 Lambecms
849 3545 878 3580 ιιι
893 3527 1029 3582 Oodmum
1068 3572 1073 3582 .
1090 3532 1140 3592 153
1159 3546 1200 3583 ιιι.
1216 3535 1250 3583 28

242 3596 441 3722 ἶθὴπρὶμῐφιλίοζ
439 3598 477 3665 Χ,
491 3596 641 3667 παμφίίιοι
650 3598 756 3667 Ιιοιιιδ,
771 3615 839 3653 corr.
853 3597 969 3667 Hasius3
984 3597 1046 3652 εἰμι’
1062 3598 1088 3652 ἐ
1097 3599 1251 3655 huius·looi

264 3683 280 3720 a
301 3683 316 3721 ε
404 3711 408 3721 .
442 3677 455 3700 v
