2760 4234
233 277 294 342 138
506 275 614 329 LIBER
632 273 807 340 QUARTUS.
835 274 957 330 IUNIUS

188 451 216 504 X
296 438 346 502 90.
375 439 418 503 To
433 439 564 521 Σάγκος
583 439 688 522 ὄνομα
707 437 852 524 οὐρανὸν
866 441 1016 523 σημαίνει
1033 447 1072 523 τη
1087 441 1287 504 Σα-ΒιΙῖσε

229 547 334 630 βίνων
354 546 494 631 γλάσση.

194 663 213 717 S
295 652 345 716 91.
374 649 444 716 Ὅτι
472 652 505 716 ολ
531 649 679 735 Ἑβραῖοι
711 649 771 716 οὐκ
804 651 873 736 εἰκῇ
901 649 1077 734 ἀπέχονται
1105 654 1237 732 λαγωοῦ

162 769 213 823 XS
227 755 282 822 καὶ
299 764 470 843 στρουθοῦ
484 760 610 840 Λίβυος
627 753 683 821 καὶ
701 758 896 842 χαραδριοῦ·
916 756 934 823 ό
953 752 1014 841 μὲν
1032 759 1095 841 γάρ
1110 757 1237 839 λαγωὸς
1257 773 1289 822 58

197 875 214 929 S
230 865 336 949 άρρην
358 867 481 931 τίκτειν
500 861 626 947 πέφυκε
644 865 831 948 τεραστίως,
854 862 872 929 ὁ
892 859 929 929 δὲ
948 865 1054 948 Λίβυς
1073 864 1237 948 στρουθὸς

203 966 309 1038 εούδέ
332 971 498 1055 στρουθὸς
521 965 599 1034 οὐδέ
622 969 826 1054 τετράποδον
848 966 927 1034 οὐδὲ
949 970 1075 1052 πτηνόν
1097 968 1166 1034 έστι
1188 967 1238 1034 τέ-

231 1080 334 1141 λειον·
358 1072 467 1151 οὐδεὶς
490 1071 528 1139 δὲ
550 1076 732 1161 χαραδριὸν
756 1075 873 1159 φαγὼν
896 1074 957 1140 οὐκ
980 1073 1173 1158 ἐπένθησεν.

190 1194 215 1268 ῖς
297 1182 347 1247 92.
376 1183 526 1267 Λαρινὸν
545 1182 582 1246 τὸ
606 1184 757 1267 λιπαρόν,
781 1179 813 1259 ἐξ
837 1177 877 1247 οὗ
895 1180 950 1247 καὶ
969 1183 1098 1268 λάρδος.
1143 1184 1238 1248 άλλοι
1258 1199 1291 1247 58

230 1284 267 1353 δέ
290 1290 396 1364 άλλως
419 1291 508 1372 φασί.

190 1424 216 1462 10
296 1395 347 1458 93.
373 1394 560 1481 Θυγατέρας
574 1392 734 1479 Ἀνάγκης
751 1396 809 1472 τὰς
826 1397 959 1482 Μοίρας
978 1399 1070 1480 φασί,
1094 1396 1239 1480 Λάχεσιν
1258 1412 1292 1460 58

229 1524 264 1566 τε
295 1499 350 1565 καὶ
379 1502 512 1567 Κλωθώ
542 1498 618 1584 <καὶ
642 1499 818 1586 Ἄτροπον·
850 1500 905 1567 καὶ
935 1503 1079 1586 Λάχεσιν
1108 1499 1169 1587 μὲν
1197 1504 1238 1567 τά

229 1610 441 1693 παρελθόντα
462 1609 614 1691 διοικεῖν,
636 1609 791 1692 Κλωθὼ)
814 1605 851 1672 δὲ
873 1610 914 1674 τά
937 1608 1106 1692 ἐνεστῶτα,
1122 1607 1238 1692 ’Ἀτρο-
1356 1593 1364 1619 '¹

229 1734 294 1779 πον
316 1709 354 1778 δὲ
375 1715 415 1779 τά
438 1712 606 1798 μέλλοντα.

297 1819 348 1882 94.
376 1823 421 1906 Τῇ
435 1821 499 1905 πρὸ
513 1817 611 1884 πέντε
624 1818 737 1882 Είδῶν
750 1816 901 1884 Ἰουνίων
920 1818 1015 1905 ἑορτὴ
1029 1829 1087 1904 τῆς
1100 1819 1235 1898 Ἑστίας.
1256 1838 1291 1887 59

191 1952 216 1993 15
232 1925 268 1990 έν
284 1925 385 2010 ταάτη
404 1933 443 2011 τῇ
462 1923 567 2011 ἡμέρᾳ
581 1920 741 2009 ἑώρταζον
760 1925 792 1988 οῖ
806 1923 977 2010 άρτοποιοὶ
992 1927 1048 1991 διά
1061 1927 1142 2011 <τὸ>
1160 1929 1238 2004 τοὺς

231 2032 388 2117 ἀρχαίους
410 2031 469 2096 τὸν
496 2032 598 2116 άρτον
626 2029 663 2094 ἐν
690 2039 759 2106 τοῖς
787 2030 888 2117 ἱεροῖς
912 2041 970 2115 της
988 2031 1117 2110 Ἑστίας
1142 2057 1238 2098 κατα-

232 2137 412 2217 σκευάζειν·
444 2138 517 2202 όυοι
547 2133 585 2201 δὲ
612 2135 875 2221 ἐστεφανωμένοι
902 2138 1045 2222 ἡγοῦντο
1073 2148 1131 2223 τῆς
1156 2162 1238 2224 πομ-

197 2253 308 2328 5πῆς,
339 2244 395 2309 διά
417 2244 454 2308 τὸ
477 2242 608 2319 τούτοις
630 2242 785 2308 άλεῖσθαι
810 2245 870 2309 τὸν
893 2256 995 2312 σῖτον.
1041 2247 1091 2312 ὅτι
1118 2249 1151 2312 οῖ
1177 2243 1238 2331 μὲν
1362 2277 1363 2280 “

232 2348 368 2434 φυσικοὶ
390 2351 452 2434 την
470 2349 603 2415 Ἑστίαν
625 2351 804 2434 βούλονται
826 2351 887 2435 τὴν
909 2362 973 2436 γῆν
991 2347 1076 2417 εἶναι
1095 2351 1159 2417 άπὸ
1178 2361 1237 2418 τοῦ

192 2486 218 2524 ιο
232 2456 379 2540 ἑστάναι,
407 2458 440 2521 ολ
463 2453 499 2521 δὲ
526 2459 683 2540 θεολόγοι
710 2457 835 2540 ταύτην
862 2453 946 2523 εἶναι
974 2459 1151 2543 βούλονται
1177 2459 1238 2542 τὴν

232 2562 413 2648 λεγομένην
444 2563 610 2646 ὀντότητα.
659 2560 715 2629 καὶ
741 2564 866 2648 μάρτυς
893 2564 911 2629 δ
940 2563 977 2629 έν
1002 2573 1048 2652 τῷ
1075 2567 1237 2652 Κρατύλῳ
1354 2549 1363 2630 ¹}

231 2669 425 2754 Σωκράτης,
458 2666 564 2750 λέγων
586 2668 718 2734 Ἑστίαν
749 2664 834 2734 εἶναι
861 2670 922 2753 τὴν
948 2675 1093 2755 πηγαίαν
1120 2670 1238 2736 οὐσίαν

230 2772 285 2840 καὶ
308 2784 388 2840 πᾶσι
410 2783 471 2838 τοῦ
495 2769 581 2839 εἶναι
605 2775 724 2858 αἰτίαν,
750 2773 930 2861 ἱδρυμένην
953 2775 990 2840 έν
1012 2784 1057 2864 τῷ
1079 2779 1191 2862 πατρί·
1219 2777 1236 2843 ό

232 2878 269 2946 δὲ
288 2881 485 2966 Πορφύριος
507 2883 587 2965 μετά
609 2882 670 2964 τὴν
693 2882 815 2965 νοητὴν
831 2880 963 2947 Ἑστίαν
985 2883 1057 2965 ἤτοι
1081 2882 1239 2967 ὀντότητα

192 3015 218 3056 ει
232 2988 385 3073 βούλεται
407 2985 462 3052 καὶ
485 2987 546 3070 τὴν
568 2989 693 3073 ἔφορον
715 2997 772 3071 τῆς
797 2997 856 3071 γῆς
880 3025 920 3034 -
944 2991 1052 3072 χθόνα
1075 2985 1112 3055 δὲ
1135 2989 1238 3072 αὐτὴν

301 3163 326 3199 v.
342 3149 374 3198 21
394 3143 428 3198 cf.
447 3143 529 3197 Plato
548 3142 652 3213 Oratyl.
671 3162 697 3214 p.
712 3143 795 3198 4010

302 3305 327 3341 v.
343 3292 357 3340 1
377 3285 477 3356 σάγγος
495 3285 523 3338 Β
545 3286 549 3354 Ι
572 3286 701 3354 οόρανῶν
719 3286 747 3339 Β
836 3291 853 3339 4
872 3288 963 3357 χαραδ
981 3295 1014 3341 οῦ
1033 3286 1065 3356 S,
1085 3289 1237 3357 χαραδριοῦ

233 3357 331 3428 scripsi
348 3359 352 3427 Ι
368 3356 383 3411 ό
401 3357 490 3427 λαγὼς
503 3358 606 3428 (λαγῶς
623 3357 659 3426 A,
682 3353 763 3428 λόγος
780 3357 819 3427 Β)
840 3357 929 3426 ἄρρην
947 3306 1047 3413 τέκτων
1070 3356 1177 3427 πέφυκε
1195 3377 1238 3412 τε·

232 3428 356 3498 ραστίως.
388 3431 440 3483 δεῖ.
469 3428 525 3482 des.
554 3428 586 3481 X
692 3432 707 3480 'l
730 3428 872 3498 χαραδρδν
899 3428 931 3497 S,
959 3430 1113 3499 χαραδριὸν
1140 3429 1239 3498 scripsi

233 3505 265 3553 11
285 3499 415 3554 lacunam
438 3497 558 3569 explevit
581 3499 624 3554 Ην
732 3505 765 3552 15
785 3498 857 3570 (τό)
881 3499 1066 3569 supplendum
1089 3502 1183 3553 censet
1205 3499 1237 3554 G.

231 3569 371 3625 Wissowa
447 3576 479 3624 17
497 3568 598 3641 ἤγοντο
618 3571 659 3639 X,
683 3569 802 3640 ἡγοῦντο
826 3569 859 3623 οἱ.
879 3571 923 3626 Rr
999 3575 1031 3624 18
1050 3571 1110 3642 τὸν]
1133 3571 1164 3625 τὸ
1183 3571 1211 3624 Β
1232 3571 1236 3643 1

233 3649 317 3694 σῖτον.
346 3643 397 3697 cet.
418 3641 474 3695 des.
494 3641 526 3694 X
539 3640 543 3713 Ι
560 3638 602 3695 ότι
621 3641 649 3696 ολ
667 3639 717 3710 μὲν
732 3659 806 3711 -p.
823 3646 881 3710 139,
898 3645 913 3694 ἰ’
931 3641 982 3710 τὴν
1000 3641 1093 3712 γῆνδ
