2790 4214
521 269 630 324 LIBER
649 269 784 325 PRIMUS
1120 271 1159 336 11

152 435 319 517 ὑπηκόους
337 433 559 519 προγράφειν·
584 433 666 499 ὅθεν
684 432 739 498 καὶ
757 436 859 500 Αλλία
883 433 902 518 ἡ
922 433 1149 520 Ἰερουσαλήμ·
1163 445 1189 498 Χ

152 539 207 606 καὶ
229 542 293 626 γὰρ
317 539 416 616 αὐτὸς
440 538 544 622 αὐτὴν
566 539 715 605 ἁλοῦσαν
737 539 897 606 έπόλισεν.

99 657 225 712 deesth
249 647 298 710 19.
309 643 380 710 ’Ότι
399 644 518 729 Ὑπάτη
538 645 720 730 ὠνομάζετο
743 649 907 733 πρότερον
928 647 948 730 ἡ
971 648 1196 732 Θ<ε>ονίκη8

99 764 168 832 er,
178 769 210 818 18
244 756 294 818 20.
309 752 380 818 Ὅτι
399 753 488 818 ίδιον
506 750 556 817 ἀεὶ
571 751 688 836 γέγονε
701 763 769 818 τῶν
785 753 965 839 ἀρχιερέων
982 755 1044 838 τὴν
1056 764 1215 839 κεφα-Χὸ

156 861 218 944 λην
241 858 415 942 σκέπεινῆ
439 859 629 943 διαδεσμεῑν
651 863 775 945 ταινίηι·
801 858 856 924 καὶ
879 869 977 926 τοῦτο
1001 861 1105 944 δῆλον
1128 861 1163 926 ἐκ
1190 883 1203 923 ε

155 976 215 1032 τοῦ
238 964 333 1052 μέχρι
355 968 498 1050 τήμερον
520 966 582 1048 τὴν
604 974 663 1030 τοῦ
686 963 763 1030 καθ’
791 965 876 1051 ἡμᾶς
894 965 1070 1053 ἀρχιερέως
1092 991 1161 1033 ται·
1180 981 1197 1036 S

154 1076 232 1138 νίαν
254 1083 324 1149 τοῖς
347 1074 448 1156 ὤμοις
475 1070 578 1146 αὐτοῦ
601 1071 819 1158 περιθέσθαι,
845 1073 906 1156 τὴν
934 1073 977 1149 ὡς
1000 1075 1086 1158 έφην
1109 1073 1163 1140 ἐπὶ

155 1189 213 1264 της
241 1185 386 1263 κεφαλῆς
417 1176 596 1262 τιθεμένην
622 1180 736 1244 πάλαι·
769 1179 812 1255 ὡς
839 1179 1085 1264 ῒκαικαφόριον
1115 1182 1163 1245 ἔτι

154 1285 209 1351 καὶ
231 1295 296 1352 νῦν
318 1290 501 1352 καλεῖσθαι.

121 1409 154 1456 19
223 1392 274 1456 21.
289 1390 360 1456 Ὅτι
383 1391 402 1457 ὁ
424 1395 565 1475 Νουμᾶς
582 1391 644 1474 την
657 1391 833 1475 βασιλικὴν
852 1390 976 1475 ἐσθῆτα
994 1392 1041 1466 είς
1059 1393 1158 1475 τιμὴν
1166 1405 1215 1458 XS

146 1499 265 1565 Ἡλίου
291 1496 346 1563 καὶ
365 1495 564 1583 Ἀφροδίτης
587 1496 622 1562 έκ
644 1498 820 1584 πορφύρας
844 1494 899 1561 καλ
921 1499 1043 1562 κόκκου
1064 1520 1162 1563 κατα-
1175 1520 1201 1558 11

152 1605 368 1684 σκευάζεσθαι
391 1604 594 1669 διετύπωσαν
616 1641 658 1650 -
682 1602 737 1668 καί
759 1604 891 1668 Βλάττα
918 1601 969 1686 δέ,
998 1602 1030 1682 ἐξ
1057 1598 1096 1686 ἧς
1122 1605 1163 1668 τδι
1182 1612 1199 1666 S

151 1712 288 1795 βλάττια
321 1709 475 1794 λέγομεν,
507 1711 612 1794 ὄνομα
638 1707 837 1795 Ἀφροδίτης
870 1707 939 1774 ἐστὶ
971 1711 1053 1774 κατὰ
1084 1711 1162 1786 τοὺς

153 1820 324 1900 Φοίνικας,
347 1817 391 1893 ὡς
413 1816 432 1882 ὁ
453 1815 592 1898 Φλέγων
615 1816 652 1881 έν
674 1825 720 1904 τῷ
742 1801 818 1901 περὶ
838 1814 963 1902 ἑορτῶν
981 1833 1072 1901 φησι.
1112 1816 1162 1881 ὅτι

151 1926 353 2008 τριακοσίοις
367 1922 465 2006 ἐγγὺς
479 1923 643 2007 ὀνόμασιν
661 1923 858 2009 εὑρίσκομεν
875 1921 1084 2008 καλουμένην
1102 1923 1163 2006 τὴν
1176 1943 1202 1984 1⁵

146 2013 362 2115 Ἀφροδίτην,
390 2039 493 2094 κεῖται
522 2026 559 2094 δὲ
585 2031 674 2116 παρὰ
703 2033 856 2114 Λαβεῶνι
883 2031 923 2096 τδι
951 2030 1096 2114 ὀνόματα
1118 2067 1164 2076 -

150 2133 289 2212 καλέσας
312 2135 417 2219 αὐτὴν
438 2136 500 2219 την
528 2136 649 2219 στολὴν
671 2139 817 2221 πατρίως
839 2139 1014 2222 τραβαίαν,
1041 2135 1084 2217 ἣν
1112 2134 1201 2201 λε’-Χ

151 2264 242 2323 γεται
263 2254 393 2328 πρῶτος
416 2240 654 2325 ὁἈναθοκλης
673 2241 910 2326 δΣικελιῶτης
928 2242 1047 2328 εὑρεῖν.
1084 2265 1161 2327 τρα-

150 2350 229 2431 βαία
252 2344 289 2412 δὲ
312 2354 439 2434 είρηται
462 2346 582 2413 ὡσανεὶ
605 2351 780 2434 τρίβαφος·
809 2347 844 2413 ἐκ
869 2359 972 2433 τριῶν
995 2349 1057 2434 γάρ
1082 2347 1161 2413 ἀπο-

150 2459 289 2520 τελεῖται
308 2455 500 2540 χρωμάτων,
519 2454 704 2540 πορφύρας,
727 2457 849 2519 κόκκου
867 2451 921 2519 καί
942 2454 1087 2530 λσατίδος
1105 2457 1161 2538 βο-
1176 2475 1202 2516 ιο

219 2719 246 2754 v.
266 2706 299 2754 14
321 2655 510 2770 fragmentum
530 2698 693 2770 Phlegontis
714 2697 853 2752 Tralliani
877 2698 1004 2768 reliquiis
1023 2700 1086 2769 περὶ
1105 2709 1160 2756 τῶν

149 2768 1087 2912 ίάίλῖῶλ1ἐιλῶϊλῶιῶλλῗᾱέἕζξῶᾞθάξξί
1099 2789 1160 2840 Ψ·

219 3090 244 3125 v.
264 3077 279 3124 3
298 3075 373 3126 θ.ο
391 3069 454 3141 νίκη
478 3071 501 3126 S
524 3069 643 3141 Θεονίκη
667 3071 766 3141 scripsi
859 3069 934 3126 4ὅτι
948 3071 1026 3126 omis.
1042 3073 1074 3124 X
1095 3073 1099 3141 Ι
1125 3070 1158 3125 cf.

149 3143 217 3211 Lyd.
238 3143 273 3196 de
290 3159 363 3214 mag.
378 3143 417 3212 II,
432 3149 461 3198 4:
485 3141 536 3210 τήν
558 3161 588 3197 τε
610 3143 736 3212 κεφαλὴν
759 3142 854 3198 έσκεπε
877 3142 913 3216 (ὁ
932 3141 1096 3214 ἀρχιερεθς>
1115 3139 1156 3195 δι’

149 3211 183 3276 ἃς
202 3213 232 3269 έν
250 3221 283 3285 τῇ
302 3211 438 3285 γραφείση
462 3234 508 3282 μοι
531 3215 595 3283 περὶ
617 3223 712 3283 μηνῶν
730 3211 904 3289 πραγματείᾳ
929 3211 1096 3268 ἀποδέδωκα
1116 3212 1160 3266 αἰ-

149 3282 218 3348 τίας.
291 3287 407 3354 ὗδῆλον
426 3285 456 3339 ἐκ
474 3295 529 3340 τῶν
547 3282 674 3340 λατίνων.
699 3288 750 3339 cet.
770 3286 826 3340 des.
846 3286 878 3339 X
964 3280 1159 3352 8κεφαληφά-

151 3363 229 3423 ριονῗ
313 3361 345 3410 10
365 3355 380 3411 δ
400 3354 430 3410 δὲ
453 3363 560 3425 νοομῶς
577 3387 613 3395 —-
632 3362 665 3409 12
686 3356 867 3410 διετάπωσεν·
895 3353 965 3409 ὅθεν
987 3355 1035 3409 καλ
1058 3353 1160 3426 βλάττοι

150 3427 284 3497 (βλάπτον
298 3427 337 3497 Β)
356 3426 445 3496 ὄνομα
464 3425 619 3497 ἀφροδίτης
638 3426 694 3481 ἐστὶ
708 3425 779 3482 κατὰ
797 3427 863 3488 τοὺς
881 3423 1025 3494 φοίνικας,
1044 3422 1160 3488 καλέσας

150 3501 205 3567 (17)
225 3500 257 3551 X
281 3499 284 3568 λ
306 3497 320 3552 ὁ
336 3496 367 3551 δὲ
383 3501 546 3567 Νουμᾶς-
559 3516 586 3568 p.
603 3503 667 3567 12,2
686 3494 777 3567 Ἀρεος
795 3495 961 3551 Lambecius
980 3495 1010 3550 in
1024 3496 1161 3551 Oodinum

149 3585 176 3636 p.
193 3574 244 3622 154
257 3585 316 3623 nro.
332 3575 375 3637 31,
390 3569 439 3638 qui
454 3587 517 3622 oum
527 3570 560 3622 X
572 3568 711 3623 consentit
724 3571 922 3638 praeterquam
936 3568 1011 3635 quod
1025 3586 1050 3622 v.
1062 3573 1095 3621 17
1109 3567 1161 3637 τὴν

151 3638 258 3694 omittit
272 3642 301 3693 et
314 3657 339 3693 ν.
355 3645 396 3694 17.
413 3646 446 3694 18
464 3637 594 3711 τραβέαν,
612 3637 716 3710 τραβέα
731 3637 836 3693 scribit.
