2788 4222
576 271 780 330 PRAEFATIO
1055 275 1182 332 XXXVII

219 449 325 502 νωνῶν
356 438 461 522 ἑορτὴν
492 463 522 518 p.
546 444 650 518 44‚15
750 440 854 520 ὁσίοις,
866 439 907 502 ἔτι
917 438 1007 503 δὲκαὶ
1021 439 1181 522 ἆιθηναίοις

220 532 315 606 -45,
329 534 355 590 7.
748 528 887 610 ἑπόμενοι
904 529 954 592 καί
971 527 1056 610 ἡμεῖς
1074 529 1107 592 ἐν
1120 536 1181 605 τοῖς

174 615 208 679 ἐν
249 623 312 691 ταῖς
350 619 528 697 νουμηνίαις
549 651 587 662 -
608 617 651 680 ὦὰ
749 613 820 700 παρ’
854 615 927 698 ἡμῖν
962 619 1104 681 ἕκτεθεῖσι
1136 636 1182 682 σε·

218 706 340 787 πάσχειν
363 728 391 784 p.
410 709 511 784 50‚11
538 728 651 786 app.—
749 712 900 788 ληνιακοῖς
935 709 1086 782 κανονίοις
1123 706 1182 771 ἀπὸ

220 797 271 872 53,
282 797 310 855 5.
750 794 871 878 ἓσπίρας
913 795 967 876 την
1001 795 1095 878 ἀρχὴν
1130 806 1182 876 τῆς

175 893 310 963 φυσικῶς
329 880 438 959 ‹ll-g
461 885 567 966 ροτοίτη
591 883 652 966 ὥρα
750 883 947 964 ἔπιφοιτώσης
972 881 1082 967 ἡμέρας
1103 890 1182 966 λογι-

217 994 246 1050 p.
271 977 323 1048 29,
334 975 374 1033 16
399 993 512 1051 app-
524 977 575 1049 30,
586 978 615 1035 7.
750 973 869 1054 ζόμεθα,
890 973 941 1035 καὶ
954 972 1011 1036 ἀπὸ
1025 985 1078 1054 τῆς
1092 972 1183 1054 ἀρχῆς

171 1060 239 1142 περὶ
269 1058 388 1142 ἡμέρας.
423 1057 443 1140 ἡ
471 1061 585 1140 φυσικὴ
612 1095 649 1104 -
749 1072 802 1142 τῆς
824 1060 947 1141 ἑσπέρας
964 1062 1016 1136 τὰς
1035 1063 1112 1144 ὥρας
1129 1074 1182 1144 τῆς

217 1150 311 1211 νύκτα
337 1148 511 1231 ἠρίθμησαν
547 1171 576 1228 p.
601 1154 652 1227 18,
750 1151 857 1224 νυκτὸς
897 1149 948 1212 καί
985 1161 1036 1231 τῆς
1072 1148 1181 1234 ἡμέρας

221 1242 390 1319 11-20,4
414 1257 483 1317 app.
750 1245 999 1320 καταριθμοῦμεν.

175 1328 328 1406 sequitur:
360 1324 541 1408 ἠρίθμησαν.
590 1332 653 1401 τοῖς
707 1328 901 1389 subsecuntur
936 1349 1015 1388 mere
1048 1331 1181 1389 astrono-

218 1407 274 1478 οὖν
306 1415 471 1496 αἰγυπτίοις
506 1413 556 1476 καί
591 1415 652 1477 ίου-
751 1417 829 1476 mica
850 1417 969 1477 aliunde
989 1417 1094 1493 petita.
1206 1485 1209 1492 ,

239 1593 298 1652 Ubi
320 1612 390 1653 vero
413 1592 474 1652 iam
504 1593 664 1652 secundum
692 1594 770 1653 hunc
799 1593 926 1653 indicem
956 1594 1074 1672 singula
1101 1594 1181 1672 frag-

172 1684 275 1741 menta
298 1682 335 1741 ab
363 1700 511 1758 anonymo
542 1681 651 1742 codicis
673 1682 703 1742 H
725 1684 846 1742 auctore
875 1685 993 1743 servata
1021 1683 1182 1759 perlustra-

172 1771 266 1845 verm,
296 1771 399 1830 statim
430 1788 604 1830 consensum
628 1771 861 1848 ammadvertes,
891 1772 942 1847 qui
971 1773 1050 1831 inter
1075 1772 1183 1831 illast

173 1859 315 1934 reliquias
338 1858 489 1936 Lydianas
519 1859 633 1935 existit,
664 1862 766 1937 quales
795 1861 827 1918 in
857 1861 1005 1920 codicibus
1027 1860 1182 1920 Laurentii

172 1948 291 2007 nomine
321 1948 447 2025 signatis
477 1950 643 2008 occurrunt.
694 1949 734 2008 ad
761 1968 854 2008 unum
882 1950 962 2008 enim
990 1950 1052 2009 fare
1081 1949 1182 2009 omnia

174 2039 342 2118 congruunt
373 2056 440 2097 oum
475 2037 527 2112 iis,
563 2056 638 2112 quae
669 2037 713 2096 ibi
744 2039 947 2115 profanantur,
984 2058 1079 2115 neque
1111 2038 1181 2098 novi

174 2125 337 2202 quidquam
360 2125 474 2185 accedit
495 2128 616 2202 praeter
635 2127 782 2186 mensium
803 2127 973 2205 catalogum
988 2119 1031 2207 (p.
1047 2127 1180 2200 59,20-

175 2215 225 2290 61,
237 2207 271 2295 9)
295 2217 325 2273 et
347 2214 564 2290 praefationem
586 2213 656 2273 libri
674 2214 798 2274 alterius
813 2207 856 2295 (p.
872 2217 922 2285 18,
933 2212 1063 2293 3-10).
1091 2217 1181 2290 atque

91 2379 92 2384 η
172 2303 390 2380 praefationem
420 2303 539 2379 quidem
567 2303 671 2362 aviro
701 2304 803 2379 docto,
831 2304 1006 2379 quicumque
1035 2305 1182 2363 tractatus

172 2389 240 2470 περὶ
262 2399 366 2469 μηνῶν
388 2388 438 2451 καί
461 2389 573 2471 δρόμου
600 2389 725 2470 σελήνης
752 2394 856 2451 auctor
884 2391 954 2470 fuit,
984 2392 1181 2468 conscriptam

172 2497 235 2540 esse
254 2480 422 2557 putaverim
444 2479 498 2555 ita,
520 2479 609 2538 utin
633 2480 770 2540 extremis
793 2480 937 2556 prooemii
958 2480 1094 2556 partibus
1117 2483 1181 2540 arte

173 2587 205 2628 se
229 2569 427 2645 applicaverit
449 2568 488 2628 ad
504 2569 660 2628 Laurentii
677 2568 777 2630 verba.
803 2569 912 2628 mirum
931 2569 1009 2628 enim
1023 2569 1182 2629 admodum

172 2661 227 2733 est,
251 2659 329 2734 quod
351 2658 418 2735 pari
440 2658 504 2717 iure
523 2658 649 2734 spondet
672 2676 703 2717 se
726 2659 861 2717 acturum
880 2677 941 2717 esse
960 2658 996 2717 de
1015 2657 1182 2718 differentia

171 2765 328 2823 annorum,
355 2765 438 2823 aevo,
465 2748 607 2823 tempore,
636 2746 723 2806 initio
751 2747 873 2822 dierum,
893 2748 969 2807 ¹cum
997 2767 1029 2806 re
1051 2766 1123 2807 vera
1145 2746 1181 2806 de

172 2853 245 2897 aevo
265 2838 446 2912 et'tempore
464 2835 522 2894 duo
541 2835 675 2912 proferat
686 2834 787 2911 verba,
809 2835 902 2895 addat
923 2839 1023 2895 antem
1036 2836 1182 2895 mensium

171 2925 358 3002 catalogum,
387 2944 475 3000 quem
503 2924 535 2983 in
564 2925 782 3002 prolegomenis
810 2925 899 3002 plane
927 2927 1074 2986 tacuerat:
1105 2943 1181 3000 quae

172 3013 273 3073 omnia
298 3013 367 3072 inde
391 3015 458 3072 orta
481 3031 543 3072 esse
569 3013 751 3090 putaverim,
783 3014 863 3090 quod
888 3015 944 3073 hoc
972 3033 1089 3091 qnoque
1115 3013 1181 3072 loco

170 3101 288 3185 Lydum
313 3102 470 3178 expressit,
497 3101 580 3162 cuius
608 3101 754 3162 scribendi
776 3102 878 3180 generi
905 3103 1015 3178 optime
1044 3101 1183 3177 convenit¹

173 3189 366 3249 artificiosum
388 3190 464 3249 illud
486 3188 598 3270 γίνοιτο
621 3187 659 3250 llo
674 3236 680 3249 .
696 3236 702 3249 .
716 3188 843 3268 ἥδυσμα.
874 3191 979 3266 quodsi
1001 3208 1070 3250 vero
1093 3189 1181 3248 initio

172 3279 295 3338 alterius
318 3278 512 3338 Laurentiani
535 3278 604 3337 libri
621 3311 659 3320 -
676 3280 711 3338 de
729 3278 825 3355 primo
845 3281 932 3353 enim,
955 3279 1037 3338 cuius
1055 3277 1182 3337 materia

171 3367 209 3426 ab
236 3368 282 3426 his
312 3368 411 3426 aliena
440 3369 498 3446 est,
528 3367 655 3445 cogitari
683 3367 789 3443 nequit
810 3400 854 3410 -
877 3368 1009 3428 extitisse
1039 3366 1181 3426 sumimus

170 3457 349 3532 promissum
379 3456 456 3515 illud
487 3456 525 3515 ab
557 3458 677 3515 auctore
709 3457 826 3532 datum,
857 3456 1025 3515 locuturum
1056 3474 1087 3514 se
1119 3474 1181 3514 esse

172 3543 239 3624 περὶ
261 3553 373 3625 μηνῶν,
397 3543 469 3606 ὅθεν
491 3542 542 3604 καὶ
564 3543 644 3617 ὅπως
661 3542 716 3622 τὴν
734 3544 933 3624 προσηγορίαν
951 3543 1048 3605 αὐτῶν
1062 3540 1181 3617 ἕκαστος

171 3633 284 3716 εἴληφε,
307 3630 357 3693 καί
379 3632 452 3713 ἅπερ
475 3625 548 3692 καθ’
574 3629 696 3693 ἕκαστον
719 3631 817 3692 αὐτῶν
839 3636 901 3705 τοῖς
918 3625 1070 3712 Ῥωμαίοις
1092 3632 1181 3693 πάλαι
