2790 4214
251 275 273 338 2
627 274 735 328 111111
752 274 888 328 Ριυαυε

210 446 236 500 Χ
250 437 331 502 κατά
362 434 516 523 στέρησιν
545 441 669 502 λοῦκον
698 439 731 503 ολ
755 437 906 523 Ῥωμαῖοι
935 443 1074 504 καλοῦσι
1103 442 1192 526 παρά
1222 441 1260 506 τὸ

251 541 402 628 ἀφεχχές,
426 544 470 620 ὡς
493 541 616 622 άξυλον
639 544 700 627 τήν
722 543 816 627 ὕλην.

318 649 346 714 8.
365 649 400 713 Ὁ
414 650 589 736 Εὔανδρος
602 660 731 735 πρῶτος
749 651 923 736 γράμματα
941 649 1004 715 ἀπὸ
1019 659 1076 734 τῆς
1089 649 1203 718 Ἑλλά-
1217 663 1256 716 Rr
1265 665 1314 733 Ι,9

250 757 323 840 δος,
351 758 391 821 τά
415 758 584 840 λεγόμενα
597 757 750 840 Κάδμου,
779 757 825 833 είς
848 757 910 840 τήν
927 755 1071 822 Ἰταλίαν
1098 756 1259 843 ἐκόμισεν,

223 863 291 928 εού
313 871 457 928 τοσαῦτα
479 860 550 947 μέν,
574 862 634 928 ὅσα
657 872 722 928 νῦν
745 861 835 928 ἐστιν
858 901 900 910 -
924 860 1088 949 οὐδὲγάρ
1112 864 1259 950 οὕτωςή

248 971 428 1053 παλαιότης
450 967 724 1056 παραδέδωκε-
747 971 834 1054 μόνα
856 966 894 1035 δὲ
916 969 950 1048 ἓξ
972 971 1055 1056 πρὸς
1077 981 1147 1047 τοῖς
1169 969 1259 1056 δέκα,

249 1086 309 1143 τοῦ
333 1074 349 1155 ξ
371 1074 427 1141 καί
453 1085 514 1141 τοῦ
537 1080 554 1155 ζ
575 1074 630 1140 καί
656 1061 764 1156 τοῦήι
793 1074 867 1141 ἀντὶ
894 1078 1036 1161 διπλῶν,
1064 1086 1124 1142 τοῦ
1151 1063 1178 1143 δ
1203 1076 1259 1144 καὶ

249 1194 309 1251 τοῦ
332 1188 360 1270 ᾧ
382 1182 515 1250 καὶτοῦ
539 1208 558 1269 χ
581 1181 655 1248 ἀντὶ
678 1180 822 1266 δασέων,
847 1192 907 1248 τοῦ
930 1193 951 1267 η
972 1169 1030 1248 καί
1051 1193 1112 1249 τοῦ
1134 1186 1161 1250 ὦ
1184 1183 1259 1251 ἀντὶ

249 1303 384 1378 μακρῶν
410 1291 552 1378 ὕστερον
578 1288 900 1377 προσεξευρημένιον.
944 1288 1041 1356 πέντε
1068 1293 1132 1378 γάρ
1155 1287 1198 1376 ήν
1219 1294 1259 1358 τά

211 1419 236 1458 10
249 1400 352 1475 πάλαι
375 1401 558 1484 φωνήεντα,
581 1406 642 1463 τοῦ
665 1393 726 1482 μὲν
743 1405 760 1460 ε
780 1399 945 1481 στοιχείου
963 1398 1025 1481 τήν
1044 1408 1104 1463 τοῦ
1122 1406 1142 1482 η
1160 1420 1259 1485 παρε·

249 1505 392 1591 χομένου
415 1509 539 1591 χρείαν,
562 1513 622 1568 τοῦ
641 1500 678 1568 δὲ
697 1512 717 1568 ὃ
737 1503 798 1586 τήν
815 1511 876 1568 τοῦ
895 1512 932 1587 ὦ,
956 1503 1035 1589 ὅπερ
1055 1506 1103 1569 ἔτι
1121 1502 1176 1569 καὶ
1194 1514 1259 1570 νῦν

248 1615 337 1699 παρὰ
355 1611 525 1697 Ῥωμαίοις
548 1609 616 1675 ἐστὶ
639 1607 694 1675 καὶ
717 1612 807 1697 μόνςο
831 1617 876 1697 ιη’
900 1611 1009 1699 χρόνςο
1032 1611 1093 1694 τήν
1113 1611 1258 1696 δύναμιν

249 1719 384 1803 ἀμείβει.
424 1716 566 1802 ὕστερον
593 1711 630 1780 δὲ
656 1716 794 1801 Μάρκος
823 1715 983 1800 Φλάβιος,
1013 1717 1258 1803 γραμματιστής

244 1823 378 1906 Ἰταλός,
401 1833 470 1899 τοῖς
484 1820 643 1906 Ἕλλησιν
665 1820 907 1906 ἀκολουθήσας,
930 1824 970 1888 τά
993 1824 1093 1888 λοιπὰ
1113 1833 1257 1906 στοιχεία

209 1949 235 1990 1⁵
248 1939 318 2006 τοῖς
332 1929 501 2013 Ῥωμαίοις
524 1927 716 2014 ἐπέγραψεν.
754 1933 846 2013 φιλεί
867 1930 930 2015 γὰρ
954 1928 972 1995 ὁ
991 1931 1111 2015 χρόνος
1130 1929 1256 2015 έναμεί-

248 2040 322 2121 βειν
344 2037 384 2101 τδι
406 2037 589 2121 πράγματα.
699 2081 702 2087 -

314 2144 343 2208 9.
379 2145 533 2219 Φοίνικες
561 2153 687 2228 πρῶτοι
719 2143 922 2227 τοκογλύφοι
953 2141 1008 2207 καί
1041 2144 1256 2228 ὀβολοστάται
1267 2161 1301 2209 10

246 2250 480 2335 τυγχάνοντες,
512 2249 686 2335 γράμματα
713 2246 768 2313 καὶ
792 2251 969 2334 σταθμοὺς
998 2247 1053 2314 καὶ
1081 2249 1191 2328 ἁπλῶς
1218 2253 1255 2317 τὸ
1312 2236 1316 2247 ’

246 2358 434 2443 κερδαίνειν
462 2355 659 2439 ἐπενόησαν,
690 2355 773 2421 ὅθεν
799 2354 854 2421 καὶ
880 2359 1047 2440 καπήλους
1075 2357 1196 2434 αὐτοὺς
1223 2359 1256 2423 ολ

208 2482 234 2519 2⁰
247 2461 380 2546 ποιηταὶ
407 2468 575 2529 καλοῦσιν.
625 2461 696 2527 ἀλλ’
720 2461 905 2547 ἐπανίωμεν
933 2463 1016 2528 ὅθεν
1041 2461 1255 2548 ἐξεκλίνομεν.

141 2574 166 2628 X
181 2573 294 2632 Cedren.
320 2568 370 2632 10.
389 2570 602 2655 Τρισόιματον
616 2571 675 2634 τὸν
686 2571 862 2655 Γηρυόνην
876 2571 989 2653 φασίν,
1004 2569 1065 2654 οὐχ
1075 2569 1125 2635 ότι
1139 2570 1255 2635 τοσού-
1266 2586 1298 2634 11

246 2696 316 2749 τοις
346 2673 504 2760 ἐχρήσατο
533 2677 696 2759 σώμασιν,
729 2673 799 2740 ἀλλ’
828 2675 878 2739 ότι
905 2684 993 2760 τρεῖς
1020 2685 1117 2758 νήσοι
1145 2675 1182 2741 ἐν
1209 2684 1255 2764 τῷ

246 2779 380 2867 ὠκεανῷ
402 2783 548 2864 κείμεναι
573 2782 782 2865 συνεμάχουν
804 2779 901 2868 αὐτῷ.

205 2908 231 2962 Y
314 2886 364 2948 11.
385 2883 456 2951 Ὅτι
473 2885 621 2972 Ἔρυλον
647 2887 708 2951 τὸν
733 2884 809 2972 περὶ
832 2884 989 2970 Ἰταλίαν,
1017 2885 1058 2952 δν
1084 2887 1254 2972 κατασχὼν
1282 2906 1298 2954 8

206 3027 231 3068 25
245 2993 430 3079 Εὔανδρος,
454 2992 471 3058 δ
494 3001 552 3077 τής
574 3001 732 3077 μαντικῆς
754 2991 950 3079 Καρμέντης
977 2995 1059 3076 υἱός,
1090 2996 1163 3077 ἔσχε
1193 2995 1254 3078 τήν

245 3101 366 3187 χώραν,
394 3103 556 3185 τρίψυχον
582 3098 741 3182 γενέσθαι
769 3100 786 3166 δ
814 3106 924 3185 μῦθος
951 3100 1130 3166 αἰνίττεται
1159 3106 1254 3185 φιλο-

315 3294 340 3330 v.
360 3281 376 3328 2
394 3274 425 3330 Il.
440 3280 465 3329 Λ
485 3279 534 3328 155
554 3274 585 3329 έν
603 3274 693 3347 ἀξύλῳ
712 3271 814 3347 ἐμπέσῃ
833 3269 904 3346 ὕλη)

315 3440 371 3487 v.4
394 3434 444 3504 τὴν
468 3433 545 3489 omis.
565 3435 593 3488 Β
672 3440 687 3488 5
712 3435 745 3488 οά
763 3442 884 3489 τοσαῦτα
906 3433 1009 3487 Ηεείιιε
1029 3430 1109 3497 οὗτος
1128 3433 1199 3490 αὐτὰ
1223 3435 1255 3489 Χ

245 3509 260 3556 6
284 3501 479 3631 παραδέδωκὲ
503 3509 593 3574 παροδ
611 3507 639 3560 Β
730 3512 744 3560 7
768 3506 816 3560 καὶ
840 3512 890 3559 τοῦ
916 3506 950 3576 ᾧ]
976 3506 1024 3560 καὶ
1049 3514 1100 3559 τοῦ
1127 3505 1205 3560 omia.
1226 3507 1253 3560 B

245 3580 278 3627 15
304 3573 429 3645 ἀμείβειν
583 3581 616 3631 18
643 3575 811 3648 τυχάνοντες
836 3576 864 3630 Α
967 3582 1001 3630 20
1028 3574 1203 3647 ἐξεκλίναμεν
1225 3578 1253 3631 Α

244 3650 259 3710 ξ
279 3649 312 3698 10
331 3642 430 3715 Georg.
450 3647 563 3704 Cedren.
582 3648 647 3704 hist.
667 3665 755 3719 comp.
774 3667 800 3718 p.
821 3652 909 3716 298,24
926 3647 1013 3702 Bonn.
