2790 4214
497 280 605 333 LIBER
623 278 744 333 ALTER
1083 277 1124 340 31

114 445 191 510 τάδι
218 444 466 528 κυκλοφορικὴν
493 443 626 525 οὐσίαν,
654 440 687 520 ἐξ
710 433 748 525 ἧς
776 459 880 525 φασιν
907 441 1127 524 ἀποτελεσθή-
1140 450 1197 504 ΧΥ

115 575 171 615 ναι
195 551 253 615 τὸν
282 550 428 635 οὐρανὸν
455 551 536 614 κατὰ
558 550 618 613 τὸν
640 547 879 633 Ἀριστοτέλην.
919 547 940 631 ἡ
964 549 1027 633 γάρ
1050 569 1127 612 πεν-
1141 557 1167 610 Y

115 659 173 732 τὰς
202 658 440 741 παραλαβοῦσα
473 655 535 737 τήν
566 655 706 740 τετράδα
738 654 820 738 ὕλης
851 656 954 736 λόγον
985 657 1127 738 ἔχουσαν

115 765 241 848 τρόπον
263 764 339 827 τινά
361 759 416 826 καὶ
438 761 658 846 ὑποκείμενον
675 771 745 837 τοῖς
765 760 797 838 ἐξ
817 761 917 844 αὐτῆς
936 759 1126 846 φυομένοις,

114 869 235 954 ηὔξησέ
257 893 293 934 τε
316 869 420 952 αὐτήν
442 866 497 933 καὶ
519 871 709 954 προήγαγεν
724 866 777 933 έπὶ
795 869 857 953 τήν
875 868 939 933 ἀπὸ
958 877 1016 952 τῆς
1029 866 1127 951 αὐξή-
1153 889 1166 929 ι

116 993 198 1052 σευς
221 977 359 1041 αἰώνιον
382 975 619 1058 άνακόκλησιν·
643 977 805 1061 μεθόριον
830 977 893 1059 γάρ
912 983 970 1058 τῆς
989 974 1127 1050 δεκάδος

114 1082 170 1148 καὶ
189 1084 233 1159 ὡς
252 1081 294 1147 δὶν
313 1083 453 1148 εἱδιυλόν
477 1081 544 1146 έστι
568 1090 625 1164 τῆς
647 1091 760 1165 κοινῆς
783 1083 985 1164 τελειότητος
1007 1080 1027 1163 ή
1050 1101 1127 1145 πεν-

115 1191 181 1266 τάς.
227 1188 282 1254 καὶ
308 1190 519 1273 πλανώμενοι
545 1189 633 1271 πλήν
658 1187 756 1271 ήλίου
778 1185 833 1252 καὶ
859 1190 997 1270 σελήνης
1019 1185 1126 1268 πέντε,

114 1294 170 1361 καὶ
196 1297 312 1361 κόκλοι
345 1294 382 1359 έν
414 1298 539 1380 σφαίρᾳ
570 1285 667 1358 πέντε
699 1290 754 1357 καὶ
787 1297 885 1372 ζῶναι
911 1291 1017 1358 πέντε.
1067 1301 1124 1375 τής
1138 1303 1187 1358 YS

116 1399 153 1468 δέ
167 1404 353 1486 αἰσθήσεως
367 1400 495 1484 λέγεται
510 1401 711 1485 δημιουργὸς
729 1402 818 1485 παρὰ
838 1411 908 1476 τοῖς
926 1401 1126 1484 φιλοσόφοις
1139 1419 1165 1459 ιο

115 1509 133 1574 ὁ
159 1511 244 1584 Ζεὺς
269 1506 324 1573 καὶ
353 1508 439 1583 εἱκὸς
467 1501 510 1590 ἦν
537 1505 626 1593 αὐτῷ
653 1506 715 1588 τήν
743 1507 890 1571 πεντάδα
912 1507 994 1570 κατδι
1022 1506 1127 1589 φύσιν
1196 1561 1200 1566 .

115 1616 225 1699 ὥσπερ
248 1613 463 1696 άνατεθήναι·
483 1613 644 1695 συγγενής
663 1613 725 1698 γάρ
739 1612 759 1695 ή
773 1613 894 1688 πεντάς
907 1621 946 1697 τῇ
961 1614 1126 1698 αἰσθήσει,

114 1721 187 1803 ήτις
210 1729 375 1802 πενταχῶς
402 1716 563 1802 τέμνεται,
592 1719 638 1794 ελς
665 1718 784 1803 ὅρασιν
807 1717 910 1802 ἀκοήν
932 1730 1049 1800 γεῦσιν
1072 1724 1126 1787 όσ-

115 1842 242 1912 φρησιν
272 1823 327 1891 καὶ
358 1825 457 1910 οἱφήν.
507 1823 562 1891 καὶ
592 1825 713 1891 τούτου
745 1827 843 1911 χάριν
874 1827 892 1892 ὁ
920 1832 1126 1914 Πυθαγόρας

115 1932 307 2018 Εἱμαρμένη
330 1933 389 1997 τὸν
406 1931 504 1997 πέντε
527 1932 674 2017 ἀριθμὸν
695 1931 897 1998 ἀνακεῖσθαί
918 1951 1032 2019 φησιν,
1056 1934 1126 2002 έπεὶ
1140 1951 1166 1992 15

116 2051 182 2106 τῶν
201 2041 371 2123 αἰσθητῶν
388 2040 563 2124 κατάρχειν
582 2039 644 2123 τήν
657 2038 872 2125 Εἱμαρμένην
891 2043 1001 2124 λόγος·
1025 2043 1126 2128 ταύτῃ

115 2149 173 2223 τοὶς
199 2144 508 2230 άποκαθισταμένας
534 2147 643 2230 ψυχάς
668 2146 888 2232 ὑπερβαίνειν
915 2148 975 2230 τήν
1001 2151 1127 2235 Εἱμαρ-

114 2252 218 2338 μένην
241 2250 323 2338 φησὶ
347 2253 383 2317 τὸ
407 2254 530 2334 λόγιον·

182 2395 223 2461 οὐ
246 2397 309 2481 γὰρ
333 2395 391 2480 ὑφ’
410 2397 567 2481 εἱμαρτήν
585 2393 707 2477 ἀγέλην
730 2397 890 2460 πίπτουσι
913 2401 1081 2481 θεουργοί.

57 2549 178 2616 RrII‚10
209 2538 258 2602 11.
286 2538 353 2620 Τήν
371 2533 409 2602 δέ
427 2536 525 2621 ἕκτην
543 2535 747 2622 ἀναφέρουσι
773 2539 959 2626 Φωσφόρφ,
985 2543 1124 2624 θερμαί·
1137 2549 1194 2604 XY

114 2668 208 2709 νοντι
237 2645 303 2727 ἅμα
324 2641 380 2708 καὶ
407 2648 551 2728 γονίμως
578 2644 785 2728 ὑγραίνοντι·
815 2639 912 2720 οὗτος
941 2641 977 2709 δὲ
1005 2644 1047 2710 διν
1075 2653 1124 2731 εἱη
1139 2666 1164 2704 τι

185 2807 248 2926 σέ
267 2799 432 2854 Aristoteles
450 2802 513 2868 περὶ
533 2800 683 2869 οὐρανοῦΙ
700 2819 727 2870 p.
742 2806 794 2855 268
814 2800 924 2854 Bekker
997 2808 1029 2856 19
1048 2803 1126 2857 Kroll

114 2872 207 2925 deor.
243 2871 319 2925 hald.
334 2890 361 2940 p.
376 2877 409 2925 59

184 3032 208 3066 v.
231 3020 244 3066 1
265 3014 504 3084 κυκλοφορητικὴν
528 3014 557 3067 Y
574 3015 577 3083 ἱ
599 3011 705 3068 ουσίαν.
734 3013 844 3082 reliqua
857 3013 941 3067 huius
954 3014 1126 3085 paragraphi

114 3085 216 3137 desunt
236 3085 268 3137 X
344 3083 533 3154 2άριστοτέλη
553 3085 591 3138 Μ
674 3082 895 3154 4ὑποκειμένην
914 3087 944 3140 D
1021 3085 1125 3139 θάνα-

112 3156 249 3210 κόκλωσιν
268 3156 298 3208 D
399 3162 432 3211 10
461 3154 503 3210 ὅτι
527 3155 682 3222 αἰσθήσεως
709 3156 878 3227 δημιουργὸς
905 3154 1012 3226 λέγεται
1036 3188 1068 3195 -
1092 3161 1124 3208 19

111 3223 247 3296 θεουργοί
266 3226 288 3281 S
312 3225 316 3298 Ι
341 3227 430 3298 παρὰ]
448 3225 512 3295 περί
533 3228 556 3281 0
579 3230 582 3292 Ι
607 3237 665 3288 τοῖς
683 3227 761 3281 omis.
786 3229 815 3281 Y
848 3228 1014 3297 δομιουργδς
1032 3226 1047 3280 ό
1066 3228 1126 3290 ζεὶις

111 3296 190 3365 παρὰ
209 3295 373 3367 φιλοσόφοις
390 3299 420 3352 D
511 3304 543 3352 11
567 3293 603 3368 ἦν
627 3298 656 3353 ἐν
680 3299 755 3371 αὐτῷ
776 3299 799 3352 0
835 3299 871 3366 F,
894 3292 930 3366 ἦν
953 3299 1027 3369 αὐτῷ
1045 3297 1125 3366 DM,

111 3369 160 3422 κοιὶ
174 3367 224 3422 διὰ
236 3377 318 3423 τοῦτο
338 3369 412 3441 αὐτῷ
430 3369 448 3439 ή
463 3369 564 3432 πεντὰς
582 3367 728 3424 ἀνάκειται
746 3369 880 3440 συγγενής
894 3365 962 3422 οὖσα
976 3377 1009 3439 τῇ
1023 3367 1125 3436 αἱσθή-
1233 3426 1235 3432 ,

111 3439 190 3493 σειδ
252 3445 284 3493 13
299 3440 339 3502 εἱς
358 3439 455 3508 όρασιν
470 3473 504 3484 -
520 3447 553 3494 14
573 3441 650 3511 ἁφήν
669 3440 747 3494 omis,
767 3441 795 3494 Y
817 3443 821 3509 Ι
846 3439 935 3508 ἀκοὴν
950 3471 983 3479 -
1000 3445 1033 3491 14
1047 3438 1125 3508 ἁφὴν

111 3511 142 3564 in
160 3511 299 3566 rasuraS
369 3517 402 3564 15
422 3509 590 3582 εἱμαρμένην
608 3514 638 3566 D
712 3517 744 3565 16
763 3509 891 3582 λόγος-
909 3516 940 3563 17
958 3507 1125 3580 εἱμαρμένην

111 3582 250 3636 desuntS
321 3588 353 3636 21
379 3583 437 3652 ἅμα
456 3615 491 3624 -
504 3602 531 3652 p.
552 3589 619 3652 321
640 3580 804 3652 Ἀφροδίτης
822 3582 923 3634 desunt
942 3583 983 3650 Χ,
1007 3580 1125 3650 θερμαί-

110 3670 327 3721 νοντιασσπερος
336 3654 373 3716 ὡς
382 3656 418 3723 Α,
432 3652 615 3723 θερμαίνοντι
630 3653 644 3708 ὁ
659 3656 707 3707 καὶ
722 3652 836 3721 ἕσπερος
849 3654 886 3715 ὡς
900 3650 990 3723 έλλησι
1005 3655 1122 3724 corr.A²
