2790 4214
527 322 640 378 ιιΒσιι
657 323 811 378 Τυανιυε
1057 309 1058 312 ‘
1131 293 1172 388 57

159 489 301 570 κοσίοις,
330 487 415 563 Ζεὺς
439 484 519 552 ἑπτά
541 484 596 552 καὶ
621 493 725 552 είκοσι
748 484 803 552 καὶ
827 492 1061 573 τετρακοσίοις,
1076 487 1210 575 ’Ἁρηςθ

161 591 315 679 τέσσαρσι
338 591 393 658 καὶ
421 593 641 678 ἐννενήκοντα
670 592 725 658 καὶ
758 595 955 678 διακοσίοις,
979 593 1097 671 Ἥλιος
1125 593 1175 660 ἑνὶ

160 698 216 765 καὶ
245 698 400 784 ἑξήκοντα
426 698 482 765 καὶ
513 705 737 786 τετρακοσίοις
764 699 819 784 καὶ
843 705 977 784 χιλίοις,
995 695 1174 787 Ἀφροδίτη

163 805 212 873 ἑνὶ
230 805 285 872 καὶ
303 810 506 892 πεντήκοντα
529 805 583 872 καὶ
608 805 725 873 ἑκατὸν
746 805 802 872 καὶ
825 811 959 892 χιλίοις,
978 807 1098 893 Ἑρμῆς
1121 808 1177 890 ὀγ-

162 915 326 997 δοήκοντα
348 915 431 1000 πρὸς
453 925 523 990 τοῖς
545 917 784 1000 τετρακοσίοις,
817 917 949 998 Σελήνη
972 913 1070 980 πέντε
1093 915 1175 1000 πρὸς
1203 931 1215 972 5

161 1032 231 1097 τοῖς
254 1026 394 1104 ελκοσιν,
423 1019 443 1103 ἡ
468 1017 505 1085 δέ
528 1023 588 1086 τοῦ
615 1022 739 1096 παντὸς
766 1020 1027 1097 ἀποκατάστασις
1050 1024 1176 1104 γίνεται

163 1126 209 1192 δι’
245 1127 327 1193 ἐτῶν
363 1128 537 1214 μυριάδων
573 1125 691 1192 ἑκατὸν
727 1125 953 1212 ἑβδομήκοντα
989 1126 1085 1192 πέντε
1120 1125 1176 1192 καὶ

162 1237 357 1320 τρισχιλίοις
374 1235 457 1319 πρὸς
475 1235 545 1310 τὀῑς
564 1235 756 1317 διακοσίοις,
779 1232 834 1298 καὶ
852 1237 925 1299 τότε
948 1236 1075 1317 γίνεται
1098 1233 1177 1298 σύν-

164 1343 241 1418 οδος
267 1343 402 1406 πάντων
429 1351 496 1405 τῶν
519 1338 667 1426 ἀστέρων
688 1342 770 1405 κατὰ
795 1340 856 1422 τὴν
880 1341 1080 1426 τριακοστὴν
1105 1351 1177 1423 μοί-

163 1473 227 1535 ραν
244 1457 305 1514 τού
327 1450 487 1533 καρκίνον
509 1445 530 1529 ἢ
552 1447 614 1529 την
636 1447 771 1532 πρώτην
792 1455 853 1511 τοῦ
877 1444 1022 1522 λεόντος·
1045 1444 1100 1510 καὶ
1124 1445 1176 1510 ἐπὶ
1191 1466 1217 1505 ιο

164 1551 226 1638 μὲν
247 1563 308 1619 τού
330 1556 490 1638 καρκίνον
513 1549 635 1634 γένοιτ’
663 1551 706 1616 ἀν
727 1554 965 1636 κατακλυσμός,
989 1550 1042 1617 ἐπὶ
1062 1549 1099 1617 δὲ
1116 1561 1176 1617 τοῦ

164 1659 297 1736 λέοντος
317 1659 510 1745 ἐκπύρωσις,
534 1655 605 1727 ἀλλ’
629 1657 670 1722 ού
692 1659 855 1741 καθολικη
873 1660 956 1723 κατά
973 1660 1051 1734 τοὺς
1071 1663 1178 1723 Στωι-

164 1767 257 1849 κούς,
289 1764 405 1851 μερικὴ
436 1761 473 1829 δέ
501 1765 644 1840 πάντως·
677 1763 817 1840 ἐκείνοις
844 1767 907 1851 γάρ
937 1766 1029 1830 δοκεῖ
1050 1765 1088 1830 τὸ
1111 1775 1179 1829 πᾶν

165 1873 328 1956 αἰσθητὸν
357 1865 428 1948 τοῖς
454 1871 619 1947 τοιούτοις
651 1871 839 1953 ὑπάγεσθαι
870 1874 1093 1957 καταστήμασι
1123 1870 1177 1938 καὶ

165 1980 275 2044 αἰτίαν
304 1977 433 2056 ἀξιοῦσι
463 1978 595 2042 διδόναι
624 1978 771 2061 τοιάνδε,
803 1979 840 2042 τὸ
868 1975 905 2043 δέ
931 1988 998 2043 πᾶν
1026 1998 1108 2063 φασι
1131 1985 1177 2068 τῷ
1191 1995 1216 2034 15

165 2085 289 2172 ἀπείρῳ
312 2088 420 2172 χρόνῳ
444 2083 464 2168 ἢ
487 2094 559 2160 ταῖς
582 2083 784 2169 ἐκπυρώσεσι
807 2095 875 2149 των
894 2084 931 2149 ἐν
954 2084 1087 2172 οὐρανῷ
1110 2109 1178 2169 φω-

166 2195 297 2278 στήροιν
315 2190 597 2276 ἀποξηραίνεσθαι
610 2189 631 2273 ἢ
645 2200 717 2266 ταῖς
737 2189 948 2256 ἐπικλύσεσιν
964 2203 1032 2256 τῶν
1045 2193 1178 2257 ὑδάτων

118 2354 120 2360 ,
166 2301 354 2382 διαχεῖσθαι
376 2295 431 2362 καὶ
455 2297 643 2362 διαπίπτειν
664 2295 727 2361 άπὸ
746 2306 804 2380 τῆς
823 2297 1061 2381 ἐπιπλαζούσης
1078 2298 1180 2383 ὑγρό-

166 2429 262 2489 τητος
298 2403 353 2468 καὶ
390 2403 596 2468 ἀναλύεσθαι
631 2401 686 2467 καὶ
723 2404 759 2468 τὸ
793 2404 953 2486 στεγανὸν
990 2403 1178 2469 ἀπολλύειν.

166 2513 292 2596 ἀνάγκη
310 2519 491 2597 τοιγαροῦν
507 2511 591 2592 πρὸς
610 2507 765 2596 ἑκάτερον
783 2509 924 2595 ἁρμόσαι
942 2511 1003 2593 τὴν
1016 2512 1180 2597 πρόνοιαν
1194 2529 1219 2568 2⁰

166 2617 221 2684 καὶ
244 2621 342 2701 δίκην
364 2625 514 2700 γεωργοῦ
537 2625 601 2681 νῦν
630 2612 692 2700 μὲν
721 2615 803 2702 πυρὶ
836 2617 898 2700 τὴν
928 2616 964 2682 ἐν
993 2618 1093 2701 βάθει
1122 2627 1180 2702 τῆς

167 2725 299 2809 φύσεως
321 2723 531 2789 ἐκκαλεῖσθαι
553 2725 752 2809 θερμότητα,
775 2733 840 2788 νῦν
863 2719 900 2787 δέ
922 2723 1020 2788 ύδατι
1042 2725 1102 2808 τὴν
1125 2748 1179 2809 με·
1294 2754 1301 2767 ·

167 2831 365 2917 μανωμένην
387 2839 444 2914 τῆς
467 2826 527 2913 γης
550 2830 726 2915 κατάρδειν
750 2829 918 2916 ξηρότητα.

112 2949 245 3018 RrIII‚12
267 2938 317 3002 17.
332 2935 412 3002 Ὅτι
422 2935 580 3020 Ἕλληνες
598 2933 659 3019 μὲν
677 2936 741 3002 ἀπὸ
759 2945 817 3020 τῆς
835 2935 1101 3023 κε’Δεκεμβρίου
1119 2939 1181 3020 τὴν
1194 2948 1220 3000 Y

168 3045 272 3131 ἀρχὴν
294 3044 469 3110 ἐποιοῦντο
493 3053 552 3108 τοῦ
576 3046 670 3119 ἔτους
692 3045 765 3128 ἤτοι
788 3045 849 3126 τὴν
872 3047 1008 3129 τροπήν,
1028 3043 1178 3128 Ῥωμαῖοι
1194 3061 1219 3100 25

168 3148 205 3217 δέ
223 3153 304 3236 μετά
323 3151 406 3216 ὀκτὼ
427 3148 549 3236 ἡμέρας
567 3150 649 3213 κατά
666 3149 727 3231 τὴν
749 3151 884 3235 πρώτην
902 3147 1124 3234 Ἰανουαριόυ
1148 3151 1181 3214 οἱ

167 3254 228 3343 μὲν
256 3256 414 3340 Ἕλληνες
449 3255 511 3339 τὴν
546 3256 673 3341 τροπὴν
710 3256 815 3338 αὐτὴν
850 3265 1042 3341 τηροῦντες,
1079 3257 1111 3319 οῑ
1144 3251 1180 3320 δὲ

163 3364 316 3449 Ῥωμαῖοι
341 3364 403 3447 τὴν
429 3371 490 3428 τοῦ
518 3363 689 3446 γνώμονος
716 3363 813 3426 σκιάν
835 3363 914 3426 πότε
942 3359 1181 3427 συστέλλεσθαι

172 3507 174 3514 ¹
239 3559 264 3594 v.
281 3544 313 3592 12
334 3537 368 3592 ef.
382 3535 460 3590 Diels
478 3536 599 3606 Doxogr.
618 3554 659 3606 gr.
679 3541 751 3590 468¹*
769 3541 785 3588 8
801 3552 860 3603 sqq.

222 3669 263 3753 ⁸v.
284 3703 317 3752 26
337 3693 520 3764 ἰαννοναρίου
539 3712 622 3765 saepe
646 3695 675 3750 Y
