2760 4234
417 287 525 341 LIBER
543 286 720 353 QUARTUS.
747 285 858 340 MAIUS
1078 285 1140 349 131

133 450 216 536 μέσα
238 451 387 536 καθάπερ
406 449 425 533 ἡ
450 451 584 535 αίδερία
606 451 701 534 μήνη.
747 449 802 515 ὅτε
824 450 887 534 γάρ
907 447 1049 534 οὐρανὸς
1068 447 1140 514 άσέ-
1154 457 1180 510 X

133 563 244 640 ληνος,
271 552 351 620 οὐδὲ
374 557 478 640 ίβιδες
501 556 617 641 ὁρῶσι,
646 556 767 639 μύουσι
795 551 832 619 δὲ
859 565 928 631 τοῖς
952 556 1142 640 ὀφθαλμοῖς

134 673 255 729 τοῦτον
277 662 337 727 τὸν
358 664 482 748 χρόνον
502 660 558 727 καὶ
581 663 688 727 άσιτοι
711 661 945 748 έγκαρτεροῦσι
967 663 1004 726 τὸ
1024 678 1141 744 συγγε-

134 767 189 846 νὲς
218 779 381 853 στοιχεῖον
410 766 642 852 άναμένουσαι.
694 767 712 832 6
735 763 773 832 δὲ
802 765 932 852 κέρκωψ
962 765 1141 853 δηλοτέρας

134 879 200 960 ἔχει
214 878 272 951 τάς
291 874 468 959 ἐνεργείας·
492 875 545 939 ὅτε
558 876 622 959 γάρ
636 872 727 952 αὔξει
741 875 871 956 σελήνη,
890 872 908 937 6
926 884 994 938 τῶν
1013 873 1142 958 ὀφθαλ-
1168 899 1180 938 ε

133 993 205 1067 μῶν
227 982 347 1057 κύκλος
370 983 443 1045 τότε
466 981 654 1066 εὐρύνεται,
684 979 738 1044 ὅτε
761 975 798 1044 δὲ
819 989 983 1063 μειοῦται,
1013 979 1050 1044 τὸ
1074 991 1142 1044 τῶν

133 1089 289 1172 ὀμμάτων
310 1083 485 1172 περιφερὲς
508 1085 727 1151 συστέλλεται.

77 1205 201 1259 ΙῖυΙΙΙσσ
222 1196 271 1258 77.
291 1191 362 1258 Ὅτι
380 1193 399 1259 6
419 1191 645 1278 Ἀριστοτέλης
663 1193 722 1256 τὸν
736 1189 973 1275 Καλλισθένην
987 1190 1192 1256 άπέσκω-Υδ

132 1311 196 1379 ψεν
219 1300 321 1365 είπὼν
343 1301 402 1364 τὸν
429 1295 490 1383 μὲν
516 1299 670 1384 περιττὸν
697 1306 781 1363 νοῦν
803 1299 905 1382 ἔχειν,
932 1299 991 1363 τὸν
1018 1293 1055 1361 δὲ
1083 1296 1140 1361 άν-

131 1407 306 1492 δρώπινον
329 1403 597 1489 ἀποβεβληκέναι.
1154 1430 1179 1468 ιο

79 1523 201 1576 deesth
226 1513 276 1576 78.
295 1510 365 1576 Ὅτι
389 1511 406 1577 6
426 1509 577 1596 Ἀλφειὸς
598 1510 743 1594 ποταμὸς
766 1509 880 1596 ὁρᾶται
898 1509 1174 1595 καταδυόμενοςὸ

132 1614 193 1702 μέν
216 1617 253 1683 έν
270 1620 529 1706 Πελοποννήσῳ,
553 1616 779 1700 ἀναδυόμενος
802 1612 839 1681 δὲ
858 1616 895 1681 έν
913 1618 1064 1703 Σικελίᾳ·
1087 1615 1140 1681 λέ-

131 1741 228 1806 γουσι
259 1719 295 1788 δὲ
323 1722 377 1788 καλ
407 1724 468 1789 τὸν
494 1727 638 1811 Τίγρητα
667 1722 766 1788 ταύτὸ
794 1731 891 1789 τοῦτο
918 1724 1057 1808 πάσχειν
1084 1721 1138 1788 καὶ

131 1829 190 1894 τὸν
213 1829 327 1894 Λύκον
349 1828 403 1894 καί
428 1828 560 1916 ἑτέρους
582 1830 683 1905 τινάς.

79 1945 201 2000 deesth
225 1935 275 2000 79.
296 1933 367 2001 Ὅτι
386 1937 494 2022 ὥσπερ
513 1945 574 2001 τοῦ
592 1936 741 2020 σώματος
758 1944 818 2000 τοῦ
840 1934 1000 2023 ἡμετέρου
1017 1937 1054 2000 τὸ
1078 1932 1139 2020 μὲν
1152 1961 1178 2002 15

132 2042 270 2128 διαρρεῖ,
293 2043 330 2107 τὸ
354 2039 391 2108 δὲ
414 2045 556 2127 διαπνεῖ,
584 2044 766 2128 διαρρεῖται
788 2038 851 2126 μὲν
872 2042 937 2108 ὑπὸ
961 2050 1020 2108 τοῦ
1044 2043 1138 2126 αἵμα-

130 2170 186 2223 τος
209 2149 290 2212 κατὰ
313 2150 370 2224 τάς
393 2148 532 2233 φλέβας,
556 2150 741 2214 διαπνεῖται
765 2145 801 2213 δέ
823 2148 888 2214 ὑπὸ
911 2157 971 2214 τοῦ
993 2150 1138 2233 πνεύμα-

129 2276 186 2329 τος
208 2255 289 2318 κατὰ
312 2257 369 2330 τὰς
392 2255 558 2341 ἀρτηρίας,
584 2255 670 2320 οὕτω
693 2253 748 2320 καλ
770 2263 828 2337 τῆς
850 2264 910 2339 γῆς
932 2256 969 2320 τὸ
993 2251 1054 2340 μὲν
1071 2256 1136 2320 ὑπὸ

129 2371 197 2424 τῶν
218 2359 367 2444 ὑδάτων,
394 2361 430 2425 τὸ
460 2357 497 2425 δὲ
519 2361 584 2426 ὑπὸ
608 2372 675 2426 τῶν
701 2361 897 2444 πνευμάτων
925 2361 1137 2448 διαρρεῖσθαι

130 2463 185 2530 καὶ
217 2467 444 2551 διαπνεῖσθαι,
481 2466 669 2553 ε’μφράξεως
705 2463 743 2532 δὲ
774 2466 794 2550 ἢ
825 2468 1085 2553 παρεμπτώσεως
1116 2467 1177 2550 ἣεο

131 2575 341 2651 συνδλίιγεως
374 2573 543 2656 συμβάσης
573 2571 705 2660 τρέμειν
740 2574 800 2656 τὴν
836 2581 900 2656 γῆν
936 2574 1044 2659 ὥσπερ
1076 2574 1137 2639 τὸν

130 2680 324 2767 ἄνθρωπον·
347 2677 572 2764 Ἀριστοτέλης
600 2676 637 2744 δέ
663 2680 700 2744 τὸ
724 2679 973 2764 τεθυμιωμένον
997 2689 1054 2763 τῆς
1077 2689 1136 2763 γης

128 2783 183 2849 καὶ
202 2784 336 2869 άτμίζον
354 2787 496 2850 αίτιιῖται
589 2783 632 2849 δν
649 2781 710 2869 μὲν
729 2784 871 2862 εὐπετῶς
889 2796 963 2872 σχῖγ
985 2788 1013 2852 εί
1031 2784 1060 2850 δ’
1084 2787 1135 2870 οὐ,

129 2893 271 2975 βιάζεται
293 2892 354 2974 τὴν
376 2901 448 2975 γῆν.
493 2892 544 2957 ὅτι
571 2891 589 2956 6
617 2892 724 2974 Τάγης
751 2890 789 2956 έν
816 2902 885 2968 τοῖς
907 2908 1135 2978 σεισμοσκοπι-

128 3007 198 3073 κοῖς
225 2995 328 3079 λέγει,
360 2997 404 3073 ὡς
431 2997 467 3061 έν
493 3008 565 3073 ταῖς
591 2995 745 3082 πολέμων
771 2999 942 3080 κινήσεσιν
968 3000 998 3063 εί
1025 3002 1133 3084 συμβῇ
1148 3024 1174 3065 ιε

130 3104 265 3187 σεισμὸν
287 3100 455 3187 γενέσθαι,
478 3106 556 3184 τοὺς
573 3101 649 3190 παρ’
671 3094 721 3180 οίς
742 3106 870 3186 γίνοιτο
892 3105 1022 3180 πάντως
1044 3103 1135 3168 έλατ-

198 3295 223 3331 v.
239 3283 271 3331 23
286 3277 320 3332 cf.
335 3276 502 3332 Aristoteles
515 3277 629 3332 Meteor.
639 3277 712 3347 ΙΠ,ῖ
731 3295 758 3347 p.
770 3283 821 3332 378
834 3278 945 3332 Bekker
994 3282 1028 3331 24
1042 3276 1133 3347 Tages

128 3347 161 3403 cf.
176 3347 362 3403 Wachsmuth
381 3348 417 3403 de
435 3351 486 3403 οεῖ,
505 3367 532 3418 p.
548 3354 638 3418 110‚7

197 3526 221 3562 v.
241 3513 258 3560 4
280 3505 436 3577 δειλοτέρας
453 3509 481 3562 Α
570 3509 621 3564 86
645 3508 723 3563 omis.
747 3508 776 3563 Y
862 3513 878 3560 9
901 3506 986 3562 εἰπὼν
1009 3507 1087 3567 omis.
1107 3509 1136 3562 Y

129 3583 161 3632 16
189 3595 225 3634 an
256 3581 375 3648 utroque
407 3579 468 3634 loco
501 3581 655 3649 διαρρεῖται
682 3583 711 3635 οῖ
741 3581 901 3634 διαπνεῑται
933 3578 1131 3635 scribendum?

128 3654 160 3703 23
179 3649 309 3704 lacunam
326 3648 448 3705 indicavi

937 3741 971 3793 9*
