2790 4214
222 259 265 322 62
583 257 692 312 LIBER
710 257 864 314 TERTIUS

181 432 207 485 Y
221 432 291 498 τοῖς
314 419 440 486 ἑαυτῶν
463 421 598 497 δούλοις
620 419 810 504 ἐδούλευον,
834 420 922 498 ὅπως
944 422 989 506 μὴ
1011 431 1082 498 ταῖς
1101 421 1236 506 ἀληθεί-

221 552 274 604 αις
309 530 490 612 νεμεσητόν
525 550 557 592 τι
589 531 755 603 παθόντες
792 527 840 602 εἰς
876 527 1032 592 δουλείαν
1067 532 1237 613 πολεμίων

220 632 456 701 καταπέσωσιν.
865 643 873 660 ’

127 751 207 805 XYS
270 739 323 804 23.
337 738 551 824 Ἐπινέμησιν
569 737 606 806 δὲ
625 738 729 824 αὐτὴν
740 738 898 824 Ἕλληνες
918 739 953 805 ἐκ
970 750 1030 806 τοῦ
1044 743 1290 827 πρόγ-ΒιΙΙΙμο

194 870 321 932 οματος
349 847 535 931 ὠνόμασαν.
585 844 637 911 ἐπὶ
668 848 733 932 γὰρ
766 850 852 933 ξυνῷ
884 850 1062 932 γενόμενος
1091 847 1109 913 ὁ
1141 848 1235 931 ἥλιος

152 964 209 1018 ΧΥ
223 955 372 1018 δείκνυσι
402 953 464 1036 τὴν
493 964 560 1018 τῶν
591 964 728 1039 καρπῶν
756 954 927 1037 ποιότητα·
963 952 1032 1019 κατ’
1065 954 1168 1038 αὐτὴν
1197 951 1235 1020 δέ

220 1060 469 1147 φιλανθρώπως
503 1061 536 1125 οἱ
571 1061 673 1126 πάλαι
705 1061 784 1136 τοὺς
816 1062 943 1144 φόρους
974 1071 1044 1137 τοῖς
1075 1061 1235 1144 ὑπηκόοις

220 1165 393 1251 ἐπένεμον,
426 1167 470 1242 ῶς
497 1167 540 1252 μη
567 1168 656 1253 παρὰ
685 1167 746 1249 τὴν
774 1167 902 1232 τούτων
930 1166 1081 1232 ἐπίδοσιν
1109 1167 1234 1251 ἀσεβῶς

221 1273 352 1339 δοκοῖεν
379 1273 586 1359 βαρύνεσθαι
614 1275 646 1339 οἱ
673 1274 969 1358 φορολογούμενοι.
1015 1275 1148 1350 εἰκότως
1171 1268 1234 1340 οὖν

180 1406 206 1445 10
220 1380 325 1464 αὐτὴν
353 1379 545 1465 ἐπινέμησιν
572 1377 676 1446 οἱονεὶ
704 1380 868 1464 διανομήν
896 1404 972 1445 τινα
1001 1392 1068 1446 τῶν
1098 1381 1234 1464 δασμῶν

221 1486 387 1552 ἐκάλεσαν.
433 1488 474 1553 οὐ
501 1489 564 1573 γὰρ
594 1482 637 1569 ἦν
665 1485 770 1562 οὕτως
797 1486 1014 1570 ἀδυσώπητος
1039 1486 1060 1570 ἡ
1083 1499 1150 1552 τῶν
1173 1488 1234 1571 φό-

221 1617 291 1679 ρων
317 1594 485 1681 είσπραξις
508 1592 584 1659 οὐδ’
612 1591 776 1679 ὡρισμένη
804 1616 854 1669 τις
877 1593 897 1676 ἣ
921 1598 1048 1678 μᾶλλον
1071 1592 1234 1678 αὐξομένη

220 1701 302 1764 κατὰ
324 1704 458 1786 μικρόν,
486 1700 570 1767 ἀλλὰ
597 1702 680 1779 πρὸς
702 1701 739 1765 τὸ
763 1701 917 1785 χρειῶδες
939 1710 1008 1765 τῶν
1030 1699 1235 1765 ἀνακυπτόν-

180 1820 288 1874 Χτων
317 1817 387 1883 τοῖς
415 1815 596 1892 κρατοῦσιν
628 1805 766 1889 ἐγένετο.
811 1807 913 1892 ταότη
944 1803 1000 1870 καὶ
1033 1804 1234 1889 ἐπιτάγματα

180 1937 206 1977 15
220 1914 299 1988 τοὺς
330 1916 457 1998 φόρους
489 1915 537 1979 ἐτι
569 1910 624 1978 καὶ
655 1922 720 1978 νῦν
747 1911 896 1978 Ἀσιανοὶ
927 1917 1097 1977 καλοῦσιν.
1152 1912 1235 1978 ὅθεν

221 2016 271 2083 ἐπ’
300 2020 432 2105 εἰρήνης
459 2019 732 2103 ἐναπονεμόντων
759 2017 813 2084 ἐπὶ
840 2024 996 2085 πλεῖστον
1022 2017 1077 2083 καὶ
1104 2020 1142 2084 τὸ
1166 2023 1234 2084 λοι-

220 2127 285 2190 πὸν
308 2123 593 2211 συγχωρουμένων
621 2136 691 2201 τοῖς
720 2123 891 2190 συντελέσι
920 2136 987 2190 τῶν
1005 2127 1136 2211 φόρων,
1167 2149 1234 2190 τοι-

221 2242 305 2298 αῦτα
332 2243 403 2308 ταῖς
429 2235 545 2298 πόλεσι
572 2231 765 2318 περιγέγονε
787 2232 978 2316 θαυμαστοί,
1001 2233 1126 2317 λουτρὰ
1149 2229 1232 2314 λέγω

221 2337 276 2404 καὶ
309 2337 427 2426 ἀγοραὶ
462 2337 518 2404 καὶ
554 2338 687 2404 ὑδάτων
723 2336 815 2405 ὁλκοὶ
846 2340 985 2424 όίπειρον
1017 2337 1233 2422 εὐδαιμονίαν

182 2474 208 2514 εο
222 2458 289 2511 τῶν
312 2447 494 2532 οἰκητόρων
517 2446 741 2532 κηρύττοντος.

293 2656 317 2691 v.
344 2645 362 2690 4
388 2636 430 2693 ὅτι
458 2635 616 2708 ἐπινέμησις
644 2637 776 2692 ἐντεῦθεν
805 2636 912 2706 εἴρηται
943 2635 1011 2705 παρ’
1034 2635 1153 2706 ἐλλησιν·
1187 2636 1232 2690 ἐπὶ

222 2711 277 2762 κτλ.
297 2708 330 2776 Y,
350 2707 458 2778 ἐλληνες
476 2707 507 2763 δέ
522 2705 683 2777 ἐπινέμησιν
698 2708 728 2762 ἐκ
741 2716 791 2762 τοῦ
804 2707 967 2778 πράγματος
980 2740 1013 2748 -
1029 2715 1044 2762 6
1063 2705 1198 2776 ποιότητα
1212 2707 1236 2761 S

114 2788 117 2796 “
223 2779 303 2833 Mul
322 2782 393 2849 ζυγῶ
412 2779 464 2849 γὰρ
484 2781 511 2832 Β
536 2781 540 2850 Ι
565 2777 711 2849 γενόμενος
733 2779 790 2832 YA
869 2779 1078 2850 θβαρόνεσδαι
1096 2779 1180 2849 τυχὸν
1199 2779 1233 2832 οὐ

222 2833 458 2920 φορολομοόμενοι
473 2851 723 2921 (φοραλογοόμενοι
732 2851 769 2975 A)
776 2851 813 2920 X,
832 2851 1006 2922 βαρύνεσθαι
1021 2850 1048 2905 οἱ
1062 2850 1233 2921 φορολογοό-

222 2941 299 2990 μενοι
323 2922 352 2975 Υ
378 2924 382 2993 Ι
412 2918 463 2976 οδν
482 2921 560 2976 omis.
580 2923 612 2974 X
716 2927 731 2974 9
765 2920 909 2991 πινέμηοις
932 2917 982 2976 οὖν
1006 2921 1092 2976 οἱονεὶ
1112 2920 1232 2990 διανομὴ
1305 2945 1307 2951 ·

222 2995 346 3063 δασμῶν
367 2993 471 3064 οὐγὰρ
495 2993 524 3046 Y
593 2999 627 3046 14
645 2989 758 3063 ἐγένετο.
795 2992 905 3062 reliqua
923 2993 1025 3047 desunt
1047 2993 1076 3046 Y
