2788 4222
537 289 741 345 PRAEFATIO
1067 291 1145 348 XVII

137 477 206 517 cum
222 457 275 534 lv,
290 458 330 519 89
354 457 424 517 inde
443 477 461 518 a
483 479 512 535 p.
533 459 606 534 137,
617 459 646 532 5,
668 457 720 518 ubi
739 459 818 519 inter
835 459 949 520 codices
967 460 998 518 iu
1012 460 1145 540 margine

136 547 306 607 notatosR
333 547 432 608 omitti
460 567 520 608 non
547 546 656 606 debuit.
703 545 723 623 ξ
747 549 765 608 6
790 574 832 597 =
855 548 908 624 IV,
929 551 969 607 14
996 569 1026 628 p.
1050 551 1144 625 77,8ε

137 634 220 695 cuius
243 638 374 695 extrema
396 655 462 696 cum
485 655 504 696 a
526 634 675 695 codicibus
693 637 872 698 recensionis
888 638 916 696 X
934 638 1092 698 tradantur
1109 641 1145 698 ut

136 743 204 783 vere
226 723 371 802 Lydiam,
398 743 525 800 cumque
548 743 584 783 ex
605 744 665 784 uuo
688 725 850 801 eodemque
874 729 994 787 auctme
1018 728 1144 803 exscrip-

134 815 198 872 tam
221 831 284 872 esse
311 815 407 874 totam
433 811 542 873 codicis
564 813 591 870 a
618 815 839 890 paragraphum
867 818 985 891 puteat,
1014 834 1074 874 non
1097 818 1143 875 est

135 900 275 978 dubium,
312 901 385 977 quin
417 901 539 960 initium
574 920 692 977 quoque
725 902 887 963 Laurentio
922 903 1144 963 attribuendum

133 989 342 1067 integrumque
368 990 400 1048 in
423 990 583 1049 editionem
601 989 642 1049 sit
658 990 868 1067 recipiendum.
905 989 925 1068 ξ
941 996 958 1052 7
974 989 1040 1074 περὶ
1057 988 1143 1070 ἡλίου

134 1078 261 1155 denique
289 1079 435 1155 exscripta
462 1081 508 1138 est
530 1098 546 1138 e
568 1077 624 1153 111,
639 1081 690 1153 12,
720 1079 773 1138 ubi
799 1080 906 1140 codicis
933 1081 960 1138 a
986 1081 1144 1142 lectionem

133 1167 165 1226 in
188 1170 337 1244 apparatu
359 1167 462 1226 addidi
485 1160 527 1248 (p.
552 1159 617 1248 53).
656 1165 759 1243 neque
782 1188 852 1229 vero
879 1168 1009 1228 alienam
1030 1170 1142 1230 alibro

133 1254 170 1314 de
192 1256 342 1316 mensibus
367 1256 536 1332 putaverim
558 1253 578 1331 ἓ
604 1259 620 1314 1
645 1253 711 1336 arpi
734 1255 934 1337 βροομολίοονε
961 1276 1032 1316 nam
1054 1257 1143 1317 etde

131 1343 178 1404 his
201 1344 363 1405 Laurentio
387 1344 546 1405 dicendum
568 1346 645 1421 erat,
678 1363 747 1404 curn
773 1344 950 1404 describeret
972 1345 1142 1406 Decembris

132 1433 241 1493 mensis
260 1432 323 1492 dies
345 1433 447 1509 festos,
470 1434 501 1492 et
522 1431 638 1492 dicendi
656 1451 760 1510 genus,
784 1434 862 1510 quod
881 1434 912 1492 in
930 1434 985 1495 hoc
1005 1438 1141 1510 excerpto

132 1520 314 1596 observatur,
337 1540 405 1580 cum
427 1520 562 1598 Lydiano
584 1539 705 1597 prorsus
729 1540 889 1600 congruere
908 1523 1011 1582 stetim
1034 1540 1141 1600 cogno-

133 1609 219 1670 veris.
257 1609 371 1669 accedit
393 1613 502 1686 autem,
525 1610 605 1686 quod
628 1613 732 1685 aperto
755 1629 834 1670 nexu
856 1611 1048 1688 coniungitur
1069 1612 1142 1672 haec

131 1698 336 1775 paragraphus
360 1717 427 1758 cum
448 1698 604 1757 Laurentii
630 1699 819 1776 fragmentis,
848 1717 924 1776 quae
951 1700 989 1760 ad
1011 1701 1141 1761 Novem-

132 1786 215 1845 brem
238 1789 269 1846 et
290 1786 482 1846 Decembrem
510 1805 624 1847 meuses
650 1790 798 1863 spectant:
828 1788 919 1848 verba
948 1789 1027 1847 enim
1053 1788 1140 1848 huius

131 1875 263 1951 excerpti
293 1871 451 1956 ἀργοῦντες
480 1866 535 1936 οὖν
564 1873 597 1936 τὸ
626 1875 763 1953 τηνικάδε
790 1875 822 1936 οἰ
846 1871 981 1955 Ῥωμαῖοι
1009 1895 1070 1954 eqs.
1092 1898 1138 1938 re·

131 1962 202 2022 ferri
233 1966 318 2039 patet
349 1964 388 2024 ad
417 1985 446 2040 p.
472 1964 549 2040 168,
569 1966 608 2024 21
642 1961 701 2024 dub
733 1960 766 2024 a
797 1973 850 2044 τῆς
880 1965 1139 2045 πεντεκαιδεκάτης

130 2060 183 2112 τοῦ
215 2050 385 2133 Νοεμβρίον
422 2049 518 2134 μέχρις
554 2049 625 2112 ὅλου
658 2061 711 2114 τοῦ
743 2052 926 2135 Δεκεμβρίου
961 2051 1073 2135 ἤργουν
1109 2055 1142 2116 οἱ

126 2131 262 2218 Ῥωμαῖοι
288 2142 357 2218 eto,
387 2144 418 2200 et
443 2141 476 2200 id
503 2141 583 2217 quod
609 2141 642 2200 in
667 2142 726 2202 fine
748 2145 995 2203 commemoratur
1022 2140 1139 2223 ὁΚρό-

130 2249 183 2301 νος
210 2225 251 2301 ὡς
281 2227 478 2311 τορτοροοθεὶς
509 2227 568 2291 ὑπὸ
599 2238 651 2290 τοῦ
678 2229 765 2308 Διός,
796 2231 890 2291 fusius
923 2232 1086 2307 explicatur
1107 2232 1139 2291 in

132 2317 324 2394 subsequenti
347 2317 486 2379 editionis
512 2319 699 2396 paragrapho
721 2318 858 2394 Iv,159.
903 2338 979 2395 quae
1007 2338 1073 2378 cum
1094 2319 1139 2380 ita

130 2408 241 2482 essent,
270 2405 402 2467 tribuere
431 2407 486 2467 hoc
514 2405 580 2487 cepi
612 2407 800 2489 βροομολίων
828 2408 1028 2486 fragmentum
1054 2407 1138 2485 Lydo

129 2514 188 2556 non
220 2488 384 2570 dubItavi‚¹
414 2496 446 2555 in
473 2495 634 2555 editionem
660 2497 758 2572 recepi
784 2499 821 2555 ut
848 2499 926 2556 esset
946 2495 1016 2554 libri
1039 2497 1139 2574 quarti

129 2580 149 2659 ξ
174 2585 247 2659 158,
268 2604 297 2660 p.
323 2586 447 2659 173,18
471 2603 535 2661 sqq.

197 2671 329 2749 cumque
352 2673 448 2733 adhuc
471 2672 580 2749 omnia,
603 2676 756 2750 quotquot
775 2677 846 2733 sunt
865 2673 972 2750 capitis
991 2673 1089 2751 quinti
1106 2674 1138 2734 in

129 2760 273 2820 codiceit
296 2764 443 2838 excerpta,
466 2762 505 2820 ad
522 2760 639 2838 Lydum
659 2762 873 2838 retulerimus,
894 2763 1062 2839 proximum
1085 2767 1138 2840 est,

128 2851 163 2908 ut
183 2849 216 2909 id
239 2850 318 2926 quod
345 2851 441 2911 solum
467 2853 562 2909 restat
588 2848 655 2930 crept
674 2845 788 2932 Ἴστρον
811 2859 864 2911 τοῦ
885 2859 1020 2930 ποταμοῦ
1042 2852 1138 2912 eidem

129 2939 244 2998 auctori
271 2938 462 2999 vindicemus.
508 2939 560 2998 sed
586 2939 743 3016 quominus
766 2939 798 2998 id
825 2940 970 3000 faciamus
992 2960 1053 3002 uno
1075 2959 1137 2999 mo-

128 3031 227 3087 mento
259 3046 353 3104 eoque
389 3026 504 3087 affufim
534 3028 621 3104 gravi
650 3027 837 3104 impedimur.
890 3032 1137 3090 commemoratur

128 3116 207 3174 enim
228 3115 260 3174 in
282 3116 338 3177 hoc
364 3119 497 3176 madata
523 3115 610 3176 Nilus
640 3116 747 3176 fluvius
777 3117 899 3193 eiusque
929 3116 1135 3177 exundationis

128 3221 229 3281 causa,
252 3223 312 3281 qua
334 3204 370 3264 de
392 3225 424 3264 re
447 3203 563 3280 etipse
584 3204 763 3265 Laurentius
790 3205 918 3282 amplior
940 3206 1038 3265 estin
1060 3204 1137 3264 libro

128 3291 163 3351 de
185 3293 335 3354 mensibus
357 3293 402 3352 IV
424 3291 444 3370 ξ
469 3294 546 3367 107;
575 3293 618 3353 ibi
647 3313 713 3352 eam
741 3313 841 3354 mense
870 3293 947 3353 Iulio
977 3293 1042 3352 fieri
1064 3292 1137 3352 dicIt

129 3385 242 3458 auctor,
279 3382 332 3459 qui
368 3381 548 3442 enumeratis
584 3383 782 3458 plurimorum
817 3383 950 3444 virorum
981 3382 1136 3441 doctorum

196 3585 211 3650 ⁴¹
229 3584 391 3642 Consentire
413 3602 459 3640 me
476 3586 531 3641 hac
552 3586 583 3641 in
605 3553 635 3641 re
653 3585 736 3642 video
760 3602 821 3640 cum
840 3585 988 3642 branciaco
1007 3585 1134 3656 Cumont,

127 3654 193 3710 Rev.
214 3656 248 3711 de
266 3657 363 3726 philol.
382 3656 446 3711 XXI
465 3661 533 3712 1897
552 3675 579 3728 p.
600 3663 650 3712 149
668 3675 695 3713 n.
716 3662 739 3712 1.

178 3753 261 3797 larana
275 3755 310 3796 ad.
323 3755 473 3797 Wuenroh.
956 3747 975 3801 b
