2790 4214
235 281 277 347 70
475 281 584 336 LIBER
601 282 776 348 QUARTUS.
803 282 1004 337 IANUARIUS

170 455 220 510 Ys
235 444 322 529 λέγει
349 447 412 532 γάρ
440 439 517 510 ὧδε·
546 445 654 512 ‘mov
676 447 713 511 τὸ
737 455 797 511 τοῦ
820 447 1001 532 δράκοντος
1024 450 1117 531 ζῶον,
1144 468 1246 512 πνευ-

233 554 458 637 ματικώτατον
489 553 624 618 πάντων
657 551 802 638 ἑρπετῶν
833 552 888 618 καὶ
919 555 1083 636 πυρῶδες·
1118 553 1194 640 παρ’
1224 554 1242 620 δ

232 656 287 723 καὶ
322 659 421 744 τάχος
457 659 546 746 αύτῷ
582 658 832 746 ἀνυπέρβλητον
868 662 925 725 διδι
956 669 1016 726 τοῦ
1047 661 1244 746 πνεύματος,

232 762 331 850 χωρὶς
358 766 473 830 ποδών
499 764 554 831 καί
576 777 697 858 χειρῶν
714 765 735 849 ἦ
754 767 858 832 ἄλλον
876 767 968 843 τινὸς
985 777 1053 832 τών
1071 766 1172 851 έκτός,
1195 765 1238 832 δι’

207 866 281 937 τών
303 873 343 936 τοὶ
370 873 471 937 λοιπά
494 875 558 950 ζῶα
580 874 638 950 τοὶς
659 876 806 956 κινήσεις
827 884 982 940 ποιεῖται·
1004 872 1061 939 καὶ
1082 877 1244 939 ποικίλων

233 979 407 1062 σχημάτων
447 979 572 1057 τύπους
613 979 766 1047 ἀποτελεῖ
800 978 855 1046 καὶ
891 982 974 1046 κατά
1009 982 1071 1064 τὴν
1105 984 1244 1067 πορείαν

233 1083 423 1163 ἕλικοειδεῖς
441 1088 508 1170 ἔχει
525 1088 583 1163 τοὶς
602 1086 705 1172 ὁρμάς
724 1085 774 1172 ἐφ’
793 1085 811 1151 δ
830 1087 985 1171 βούλεται
1003 1088 1109 1173 τάχος.
1141 1093 1244 1153 πολυ-

232 1194 452 1277 χρονιώτατος
484 1192 524 1257 δέ
554 1191 637 1277 έστι,
674 1191 729 1258 καὶ
766 1193 806 1258 ού
838 1196 944 1277 μόνον
976 1193 1174 1279 ε’κδυόμενος
1205 1195 1242 1259 τὸ

231 1308 336 1384 γῆρας
364 1301 483 1384 νεάζει,
516 1298 600 1365 άλλοὶ
622 1298 677 1365 καί
709 1298 847 1383 αύξησιν
874 1298 1083 1385 ἐπιδέχεσθαι
1110 1304 1243 1385 μείζονα

192 1405 371 1490 ιοπέφτκιε,
400 1404 455 1470 καὶ
485 1404 620 1471 έπειδδν
649 1407 686 1470 τὸ
714 1405 900 1492 ὡρισμένον
926 1406 1048 1493 μέτρον
1073 1407 1243 1492 πληρώσῃ,

231 1512 279 1590 εἰς
302 1511 421 1578 ἑαυτὸν
443 1511 661 1578 ἀναλίσκεται.
703 1511 832 1578 διὸκαὶ
857 1514 959 1598 ἱεροῖς
980 1515 1139 1579 τοῦτο’τὸ
1158 1517 1243 1592 ζῶον

191 1628 216 1681 Y
230 1616 286 1683 καὶ
308 1621 501 1704 μυστηρίοις
528 1619 831 1705 συμπαρείληπται.’
877 1618 1016 1698 ὀξύτατα
1043 1616 1081 1684 δέ
1108 1620 1242 1684 πάντων

230 1725 354 1809 βλέπει,
377 1725 460 1790 ὅθεν
481 1723 537 1790 καί
560 1726 693 1810 δράκων
716 1725 912 1810 ὠνόμασται.

189 1842 215 1896 Χ
298 1831 326 1896 7.
344 1830 402 1896 Ἐν
424 1831 525 1917 ταύτη
549 1841 588 1917 τῇ
611 1829 717 1917 ἡμέρᾳ
743 1833 905 1917 Τραιανὸς
927 1842 965 1918 τῇ
988 1834 1124 1898 πάντων
1138 1842 1293 1912 11118,Ν7

190 1963 216 2004 15
234 1939 323 2024 Τύχη
341 1935 525 2022 καθιέρωσε
543 1940 636 2021 ναόν,
659 1941 822 2014 θεσπίσας
839 1939 921 2002 κατὰ
938 1940 998 2003 τὸν
1017 1940 1107 2024 ἱερὸν
1126 1942 1241 2024 νόμον,

190 2054 216 2108 Y
230 2043 355 2131 μηδένα
382 2046 471 2130 παρὰ
494 2045 553 2109 τὸν
575 2044 730 2110 θύσαντα
752 2044 911 2126 γεύεσθαι
934 2053 992 2129 τῆς
1013 2047 1144 2121 θυσίας.
1191 2046 1241 2111 ὅτι

230 2153 379 2236 οὐδαμοῦ
407 2160 468 2217 τοῦ
494 2160 552 2236 τῆς
585 2151 691 2235 Ῥύχης
719 2151 880 2235 ὀνόματος
900 2149 1044 2236 Ὅμηρος
1071 2149 1241 2236 μέμνηται,

190 2258 387 2335 ΧἫσίοδος
414 2256 537 2343 μέντοι.
582 2257 774 2343 Εἱμαρμένη
804 2255 909 2324 οἱονεὶ
939 2256 1091 2344 εἰρομένη
1120 2259 1177 2323 διδ
1203 2259 1241 2323 τὸ

229 2368 353 2451 χρόνου
384 2366 519 2430 δεῖσθαι
549 2362 605 2429 καὶ
637 2365 854 2448 διαστάσεως,
891 2364 947 2429 ἵνα
979 2364 997 2430 ὁ
1030 2365 1142 2449 εἱρμὸς
1173 2375 1240 2430 τῶν

195 2469 454 2556 ὃὺποκειμένων
482 2472 629 2554 σώζηται.
676 2472 726 2537 ὅτι
754 2472 791 2536 τὸ
818 2480 876 2554 τῆς
904 2472 1010 2556 Τύχης
1037 2469 1092 2536 καὶ
1116 2473 1241 2557 Εἱμαρ-

189 2604 214 2642 21
229 2576 329 2660 μένης
347 2575 401 2642 έπὶ
418 2587 476 2662 τῆς
493 2577 652 2660 γενέσεως
669 2576 891 2662 προβέβληται
910 2579 1028 2662 ὄνομα·
1046 2575 1101 2642 καὶ
1115 2579 1240 2664 μάρτυς

224 2682 344 2768 Ἑρμῆς
377 2681 414 2748 έν
442 2691 488 2770 τῷ
515 2681 707 2770 καλουμένῳ
735 2686 847 2770 τελείῳ
876 2685 963 2770 λόγῳ
992 2683 1097 2760 οὕτως
1125 2686 1240 2750 εἰπών·

229 2789 277 2854 *αἱ
293 2789 495 2873 καλούμεναι
514 2786 595 2853 ἑπτά
609 2799 748 2873 σφαῖραι
767 2790 901 2873 ἔχουσιν
920 2788 1025 2874 ἀρχὴν
1043 2792 1104 2874 τὴν
1121 2797 1241 2857 καλου-

228 2894 332 2982 μένην
361 2895 465 2980 τύχην
493 2893 514 2977 ἣ
544 2893 759 2980 εἱμαρμένην,
790 2895 862 2977 ἥτις
891 2896 998 2960 πάντα
1029 2895 1159 2962 άλλοιοῖ
1185 2896 1239 2963 καὶ

299 3055 323 3090 v.
340 3040 373 3089 18
391 3034 456 3089 Hes,
475 3033 579 3103 Theog.
599 3038 651 3088 360
723 3040 757 3087 22
775 3033 890 3088 Hermes
914 3033 948 3088 cf.
970 3034 1014 3088 Ps.
1034 3034 1136 3104 Apulei
1159 3037 1239 3090 Aeso.

229 3128 249 3162 ε.
269 3107 342 3162 Dial.
360 3105 453 3160 Herm.
469 3104 567 3158 Trism.
588 3121 611 3159 ο.
625 3104 697 3160 ΧΙΧ.
715 3104 831 3158 XXXIX

298 3252 323 3286 v.
343 3237 359 3285 3
378 3231 452 3285 αύτῶ
475 3245 559 3298 supra
577 3227 626 3282 lin.
647 3229 685 3297 G,
707 3227 784 3284 omis.
804 3230 833 3282 Y
900 3235 918 3283 4
937 3231 1020 3301 χωρὶς
1034 3236 1098 3283 -5
1117 3240 1239 3284 ποιεῖται

229 3303 344 3358 0mis.S
422 3301 505 3356 6καὶ
519 3331 554 3340 -
569 3305 583 3352 7
598 3297 683 3370 τάχος
696 3299 773 3354 οιωίε.
793 3300 822 3353 Υ
900 3303 1191 3371 ῖπολνχρονιώτατον
1213 3302 1243 3355 Y

228 3381 245 3428 8
264 3376 312 3428 καὶ
330 3372 408 3427 omiS.
428 3373 473 3442 Y}
489 3367 576 3440 μόνον
598 3380 636 3426 τώ
655 3368 822 3439 έκδυόμενος
844 3369 1023 3440 (ἐκδυόμενον
1044 3373 1080 3442 G)
1101 3372 1133 3426 τὸ
1152 3381 1240 3442 γῆρας

228 3443 336 3509 νεάζων
355 3445 384 3498 Y
457 3449 490 3497 10
508 3442 553 3496 διὸ
568 3475 602 3482 -
617 3447 649 3495 11
670 3439 908 3512 σνμπαρεὶληπται
926 3442 1005 3497 omie.
1025 3443 1053 3496 Y
1123 3449 1155 3496 12
1175 3443 1239 3508 ὀξύ·

228 3533 298 3569 τατα
313 3547 346 3555 -
363 3521 395 3569 13
410 3512 567 3584 ὠνόμασται
586 3512 702 3568 0mis.S
786 3519 819 3567 14
837 3512 868 3568 έν
885 3514 970 3584 ταύτη
986 3547 1020 3554 -
1036 3520 1068 3568 16
1087 3513 1191 3576 θυσίας
1208 3515 1241 3568 Χ

231 3591 263 3639 16
284 3585 326 3640 ὅτι
345 3586 469 3654 οὐδαμοῦ
484 3617 517 3626 -
533 3591 565 3638 18
584 3581 678 3653 μέντοι
697 3585 726 3637 Y
795 3589 827 3638 18
848 3583 1008 3654 Εἱμάρμίνη
1023 3617 1058 3625 -
1073 3591 1107 3638 20
1122 3587 1238 3654 σώζηται

230 3658 261 3711 Χ
276 3659 279 3728 ἱ
295 3657 326 3711 τὸ
345 3654 448 3726 χρόνον
466 3657 502 3725 Β,
524 3665 574 3710 τοῦ
592 3653 695 3726 χρόνον
713 3656 740 3709 Α
812 3662 846 3709 20
865 3654 955 3710 ὅτιτὸ
974 3664 1023 3726 τῆς
1040 3656 1124 3726 τύχης
1143 3672 1199 3725 εηε.
1219 3655 1242 3711 S
