2790 4214
218 281 260 346 10
591 283 699 336 ιιΒιιιι
716 283 851 338 PRIMUS

162 443 316 509 ΧΥέστιν
334 445 354 528 ἡ
373 455 431 530 τῆς
451 447 638 522 δωδεκάδος
660 447 772 531 φύσις,
795 448 852 512 διά
874 470 909 512 τε
932 449 1015 513 ἄλλα
1037 447 1092 513 καὶ
1112 447 1224 534 ἐπειδὴ

216 549 414 635 συνέστηκεν
438 551 473 618 ἐκ
495 563 555 619 τοῦ
583 554 893 637 στοιχειωδεστάτου
918 553 973 619 καὶ
994 557 1224 640 πρεσβυτάτου

215 668 281 722 τῶν
309 657 346 723 ἐν
375 658 504 736 οὐσίαις
531 661 630 726 ελδῶν
656 659 1020 745 παραλαμβανομένων,
1048 663 1092 738 ὥς
1119 680 1224 746 φασιν

215 765 247 829 ολ
280 764 343 829 ἀπὸ
375 775 442 830 τῶν
474 767 693 850 μαθημάτων,
729 766 942 851 ὀρθογωνίου
973 768 1152 853 τριγώνου·
1189 771 1223 834 αλ

136 855 140 863 ’
187 872 277 957 σγάρ
300 873 399 937 τοῦδε
421 871 562 957 πλευραὶ
585 871 621 937 ἐκ
648 883 751 958 τριῶν
774 868 870 938 οὖσαι
897 871 952 938 καλ
979 875 1143 959 τεττάρων
1168 873 1223 940 καὶ

213 975 310 1043 πέντε
333 984 562 1065 συμπληροῦσι
586 980 645 1045 τὸν
668 980 815 1065 ἀρνδμὸν
835 991 902 1045 τῶν
920 980 1048 1045 δώδεκα
1066 990 1126 1046 τοῦ
1145 985 1223 1060 ζωο-

213 1087 322 1169 φόρου
344 1085 470 1150 κύκλου
489 1087 526 1151 τὸ
545 1086 764 1172 παράδειγμα·
782 1087 1078 1171 διπλασιασθείσης
1097 1084 1134 1152 δέ
1154 1085 1224 1165 ἑξά-

213 1192 271 1268 δος
300 1202 357 1276 της
392 1194 632 1277 νονιμωτάτης,
668 1193 739 1276 ητις
775 1191 866 1257 ἐστὶν
904 1192 987 1279 άρχη
1021 1197 1224 1279 τελειότητος

172 1297 248 1363 Χέκ
275 1309 342 1364 τῶν
370 1300 467 1365 ίδίων
493 1298 771 1386 συμπληρουμένη
797 1310 937 1385 μερῶν.
961 1349 968 1364 .
992 1347 1031 1364 ..
1059 1301 1225 1366 διατάττει
1282 1363 1301 1372 .,

174 1423 200 1463 10
214 1401 251 1470 δὲ
284 1409 425 1490 Νουμᾶς
462 1407 661 1471 δυοκαίδεκα
699 1417 813 1490 μηνῶν
853 1407 913 1470 τὸν
954 1404 1108 1472 ἐνιαυτὸν
1139 1407 1223 1492 πρὸς

213 1511 406 1579 συντέλειαν
428 1523 495 1577 τῶν
513 1511 632 1578 Ἡλίου
654 1509 709 1576 καλ
732 1513 883 1596 Σελήνης
905 1514 1048 1597 δρόμων.
1088 1511 1143 1578 καὶ
1168 1511 1221 1578 ἐπὶ

212 1615 273 1703 μὲν
291 1618 458 1703 Ῥωμύλου
481 1619 499 1686 ὁ
522 1628 587 1683 νῦν
609 1618 811 1703 καλούμενος
829 1620 981 1705 Μάρτιος
1003 1621 1070 1704 μην
1092 1631 1222 1706 πρῶτος

211 1721 264 1810 ἦν,
292 1723 346 1790 ἐπὶ
369 1721 406 1790 δὲ
428 1729 549 1809 Νουμᾶ
576 1723 827 1810 προσετέθησαν
845 1723 1050 1812 Ἰανουάριος
1077 1724 1132 1791 καὶ
1158 1731 1221 1792 Φε-

212 1833 400 1918 βρουάριος.
446 1831 551 1918 ἀρχὴν
572 1827 611 1895 δὲ
638 1829 793 1897 ἐνιαυτοῦ
821 1831 838 1897 ὁ
862 1836 1002 1916 Νουμᾶς
1029 1834 1124 1915 άγειν
1148 1831 1222 1898 ἐθέ-

172 1955 198 1996 1⁵
213 1955 308 2003 σπισε
326 1937 509 2022 Ῥωμαίοις,
537 1938 617 2002 ὅταν
631 1936 749 2013 Ἥλιος
771 1938 830 2002 τὸν
853 1939 1047 2025 Αλγόκερων
1073 1940 1220 2023 μεσάζων

212 2043 303 2123 αὔξει
334 2045 396 2128 τὴν
422 2042 562 2130 ἡμέραν,
594 2043 812 2129 ἀποστρέφων
840 2046 925 2131 πρὸς
955 2045 1039 2130 ἡμᾶς
1068 2045 1132 2110 ἀπὸ
1160 2054 1220 2111 τοῦ

212 2156 327 2217 νοτίου
345 2160 543 2235 καμπτῆρος,
565 2149 759 2236 προστιθεὶς
777 2160 815 2237 τῇ
835 2149 940 2238 ἡμέρᾳ
961 2151 1132 2237 ἡμιῶριον.
1165 2151 1220 2216 καὶ

213 2257 253 2322 οὐ
280 2260 385 2342 μόνον
408 2257 513 2334 οὕτως
540 2258 599 2322 τὸν
627 2257 781 2322 ἐνιαυτὸν
808 2259 1026 2342 διετάπωσεν,
1054 2258 1137 2325 ἀλλά
1163 2258 1220 2325 καὶ

211 2367 354 2448 νόμισμα
381 2375 510 2450 πρῶτος
537 2362 707 2450 ἐχάραξεν,
735 2364 779 2440 ὡς
807 2363 840 2444 ἐξ
868 2363 971 2430 αὐτοῦ
999 2367 1047 2430 έτι
1073 2365 1128 2431 καὶ
1155 2376 1221 2432 νῦν

169 2489 198 2528 2⁰
212 2473 339 2555 νουμόν
357 2509 399 2517 -
419 2468 522 2536 οἱονεὶ
544 2473 729 2555 Νουμανόν
748 2508 787 2518 -
808 2473 868 2536 τὸν
890 2472 1013 2556 ὀβολὸν
1034 2477 1219 2538 καλεῖσθαι.

210 2575 293 2642 άλλά
315 2577 381 2661 μην
402 2574 458 2642 καλ
481 2577 542 2660 την
564 2576 729 2661 βασιλέων
752 2579 870 2661 οἰκίαν,
893 2579 913 2660 ἢ
937 2584 1083 2644 καλεῖται
1107 2581 1219 2645 Παλά-

209 2706 292 2765 τιον,
316 2685 397 2749 κατδι
419 2684 479 2748 τὸν
503 2684 670 2769 ἱερατικὸν
684 2667 860 2763 Ιδιετάξατο
884 2687 1021 2770 θεσμόν.

278 2790 328 2854 18.
346 2788 521 2875 Ἀδριανὸς
540 2788 575 2854 ἐκ
593 2799 650 2873 τῆς
669 2791 798 2855 Αἰλίων
816 2789 974 2876 ἐτύγχανε
992 2797 1161 2877 φαμιλίας,
1174 2804 1280 2876 111117

210 2895 313 2961 οἱονεὶ
332 2905 459 2979 γενεᾶς·
482 2895 565 2961 ὅθεν
583 2894 697 2974 ἐδοξεν
715 2896 804 2985 αὐτῷ
823 2897 860 2962 τὸ
874 2899 1003 2963 Αἰλίων
1017 2900 1123 2984 όνομα
1140 2903 1219 2978 τοὺς

279 3034 303 3072 v.
323 3022 339 3069 2
358 3017 406 3071 καλ
423 3014 614 3088 πρεσβυτάτου
633 3015 711 3072 omJ‘S.
730 3018 758 3070 Β
834 3025 851 3073 4
870 3017 1045 3089 μαθημάτων
1063 3019 1142 3074 omis.
1162 3022 1194 3074 X
1213 3022 1216 3094 λ

209 3087 373 3158 ὀρδοηάνου
396 3088 424 3140 Β
448 3089 452 3158 Ι
476 3085 625 3157 τριβωνίου
646 3089 678 3141 Χ
755 3095 770 3143 6
790 3093 995 3159 συμπληροῦσιν
1019 3091 1145 3161 άριλλμόν
1169 3093 1218 3148 τὸν

209 3160 318 3214 δώδεκα
337 3159 366 3212 Y
459 3164 474 3211 7
493 3159 542 3212 καὶ
560 3158 591 3213 ἐκ
609 3162 673 3228 post
690 3159 868 3241 παράδειγμα
888 3161 951 3215 add.
971 3162 1032 3229 δελ,
1051 3179 1103 3233 ego
1123 3167 1218 3233 9post

208 3239 299 3298 μερῶν
322 3229 453 3283 lacunam
475 3227 599 3282 indicavi
676 3236 692 3284 8
712 3229 743 3285 δὲ
766 3248 837 3286 om1s
860 3232 889 3285 Y
910 3235 914 3302 l
939 3230 999 3302 ἥτις
1017 3233 1096 3288 omis.
1121 3235 1150 3287 Y
1164 3233 1217 3305 γὰρ

207 3304 272 3370 post
286 3301 360 3356 ἐστὶν
374 3300 438 3354 add.
456 3300 481 3354 G
506 3303 510 3370 Ι
534 3298 714 3373 τελειότητος]
727 3305 742 3356 λ
755 3301 786 3355 in
801 3319 868 3357 corr.
882 3304 910 3357 A
982 3309 998 3356 9
1016 3304 1157 3359 διατάττει
1176 3321 1218 3360 re·

207 3371 286 3440 liqua
299 3388 387 3440 usque
407 3371 487 3440 adp.
508 3376 566 3440 14,1
587 3369 629 3426 ότι
648 3372 676 3427 ολ
694 3371 744 3442 μὲν
758 3373 870 3444 ἀρχαῖοι
889 3375 990 3428 desunt
1008 3377 1038 3429 Y
1103 3383 1134 3430 11
1150 3379 1217 3502 τῶἨ

207 3451 256 3497 τοῦ
275 3445 302 3496 Β
376 3444 407 3497 12
427 3441 549 3511 μάρτηος
566 3444 593 3497 A
666 3449 699 3497 13
719 3444 899 3514 ίαννουάριος
917 3445 967 3518 X}
984 3446 1170 3517 φευρουάριος

209 3519 242 3568 14
261 3514 395 3569 ἐνιαυτῶν
413 3515 446 3567 Χ
462 3531 530 3568 corr.
550 3515 593 3569 Rr
615 3516 619 3586 Ι
643 3513 755 3585 άηεινὸ
779 3524 884 3585 νουμᾶς
907 3518 935 3570 Β
1008 3524 1041 3572 15
1061 3518 1075 3572 δ
1094 3517 1171 3589 ἥλιος
1189 3521 1217 3573 Β

209 3591 240 3638 17
264 3584 279 3640 δ
303 3586 464 3654 προστιθεὶς
496 3587 523 3638 Β
631 3592 664 3640 18
692 3585 830 3642 ἐτόπωσεν
858 3589 886 3641 Β
990 3595 1022 3642 21
1052 3588 1162 3645 οἰκοίαν
1189 3591 1217 3644 Α

208 3663 241 3710 23
261 3653 402 3726 φαμηλίοις
419 3657 447 3710 A
528 3662 562 3709 24
581 3655 679 3722 ἐδοξον
698 3658 726 3710 Β
