2788 4222
233 263 320 318 LXIV
638 259 843 314 PRAEFATIO

235 433 470 509 fragmentorum
492 429 643 508 congeries
666 429 732 502 illa,
761 447 851 504 quam
878 428 909 486 in
937 428 1067 486 editione
1095 428 1197 486 littera
1220 427 1248 486 X

235 519 347 578 notavi.
398 521 528 578 ceterum
559 537 678 577 monere
710 517 812 591 liceat,
845 535 989 593 apparere
1022 536 1057 576 ex
1088 517 1138 589 iis,
1172 535 1247 591 quae

234 608 322 667 modo
350 609 517 683 attulimus,
546 609 636 682 caput
663 606 738 664 illud
766 607 801 664 de
829 605 952 665 fulmine
980 606 1040 664 iam
1068 605 1105 663 ab
1133 604 1247 664 Allatio

236 696 320 771 Lydo
344 697 546 755 abiudicatum
573 715 649 754 asse:
678 713 859 770 quamquam
887 694 965 754 enim
989 695 1021 752 in
1048 693 1129 753 illius
1153 713 1247 753 exem-

235 785 313 860 plari
341 785 496 862 legebatur
524 780 641 862 (nempe
671 784 791 842 extabat
813 783 846 840 in
871 783 1044 861 apographo
1071 783 1248 856 Mariniano,

237 875 315 949 quod
339 894 374 932 ex
396 874 448 932 illo
473 874 652 948 exscriptum
675 865 744 952 cst),
766 875 798 930 in
817 871 976 940 editionem
994 872 1125 947 recipere
1143 871 1248 946 noluit,

237 963 319 1021 cuius
346 963 466 1021 initium
493 963 530 1021 ab
553 962 668 1020 Allatio
696 961 893 1037 compositum
922 979 1012 1036 supra
1040 979 1248 1019 commemora·

234 1071 339 1110 ximus.

302 1142 348 1199 Ex
376 1140 442 1215 ipso
473 1142 573 1198 autem
603 1139 702 1198 codice
732 1140 760 1198 A
789 1138 941 1198 Lambecii
969 1141 1056 1198 notas
1087 1139 1248 1214 exscriptas

237 1248 307 1304 esse,
334 1229 398 1288 veri
422 1248 511 1305 quam
534 1229 660 1288 maxime
685 1232 729 1288 cst
756 1229 860 1289 simile.
906 1228 1075 1287 Parisinum
1101 1229 1178 1285 certe
1202 1246 1248 1285 co·

237 1317 331 1376 dicem
353 1317 476 1378 Parisiis
499 1317 644 1394 inspicere
668 1352 709 1359 —
733 1318 765 1376 id
788 1319 866 1394 quod
888 1316 1009 1376 volebat
1032 1315 1183 1375 Schowius
1206 1348 1248 1356 -—

237 1407 323 1464 illum
351 1425 428 1466 anno
459 1408 542 1466 1653
572 1426 631 1466 non
658 1408 804 1483 potuisse,
837 1407 946 1482 quippe
975 1405 1027 1481 qui
1054 1405 1144 1464 codex
1172 1423 1248 1463 anno

239 1497 323 1554 1706
352 1495 384 1553 in
411 1496 622 1555 bibliothecam
648 1497 762 1574 regiam
788 1497 891 1554 illatus
920 1498 1009 1568 esset,
1037 1493 1251 1553 demonstravit

237 1583 347 1642 Hasius
371 1604 474 1643 comm.
497 1606 525 1661 p.
544 1585 677 1644 XXXlX.
722 1605 776 1644 nec
798 1585 896 1643 minus
918 1583 1097 1661 negaverim,
1120 1583 1250 1642 codicem

238 1672 263 1730 B
288 1692 305 1730 a
327 1672 486 1732 Lambecio
516 1674 682 1732 adhibitum
709 1693 785 1746 csse,
813 1693 880 1731 cum
906 1673 938 1730 in
959 1672 1074 1750 Bigotii
1101 1673 1250 1747 potestate

237 1765 413 1821 versaretur.
465 1763 599 1836 quamvis
631 1763 711 1820 enim
742 1781 800 1820 uno
832 1762 897 1838 loco
925 1761 1099 1820 Lambecius
1132 1780 1198 1820 cum
1225 1760 1250 1817 B

238 1850 345 1924 faciat,
376 1869 436 1908 non
464 1869 531 1908 cum
552 1851 581 1909 A
608 1842 652 1930 (p.
673 1853 728 1926 32,
749 1853 789 1908 14
817 1853 945 1908 καλεῖται
970 1849 1115 1923 BLamb.,
1144 1852 1251 1908 auloc-

240 1935 312 2016 μένη
335 1930 392 2020 A),
419 1941 520 1996 tamen
542 1939 629 1998 huius
653 1938 788 2000 lectionis
817 1938 1026 1999 auctoritatem
1051 1938 1165 2000 nullam
1188 1956 1251 1996 esse

240 2030 322 2103 puto,
342 2027 421 2103 quod
438 2027 522 2086 facili
540 2027 594 2086 illa
613 2028 843 2086 commutatione
862 2026 1020 2102 oriebatur,
1040 2027 1091 2086 ubi
1109 2027 1155 2102 iis,
1175 2046 1251 2102 quae

240 2119 434 2192 excerpserat,
456 2116 566 2194 integri
584 2117 733 2176 enuntiati
750 2116 877 2192 speciem
895 2116 1037 2192 praebere
1055 2116 1151 2176 voluit
1164 2116 1251 2174 Lam·

240 2205 347 2264 becius.
394 2205 579 2264 coniecturae
603 2209 716 2280 autem,
744 2205 852 2266 adiisse
878 2205 964 2264 illum
990 2205 1120 2264 codicem
1141 2205 1252 2265 Barbe-

240 2295 347 2368 rinum,
370 2294 462 2370 favet,
490 2295 569 2370 quod
591 2294 623 2352 in
646 2295 774 2370 epistula
797 2294 979 2356 dedicatoria
1003 2293 1183 2356 (lodinianac
1206 2293 1253 2352 illi

241 2382 366 2442 editioni
397 2384 559 2458 praemissa
591 2405 620 2460 p.
645 2383 692 2444 HI
723 2383 860 2443 laudibus
893 2383 1010 2442 extollit
1042 2382 1254 2442 bibliothecam

240 2470 450 2550 Barberinam,
478 2467 549 2548 ‘qua
576 2476 645 2550 post
667 2473 846 2538 Vaticanam
872 2473 948 2530 nihil
970 2472 1065 2530 Roma
1092 2471 1253 2547 perfectius
1371 2499 1372 2506 ι

241 2555 371 2636 habeat',
399 2580 524 2637 cumque
551 2583 580 2638 p.
599 2563 627 2619 V
650 2562 681 2620 in
709 2563 778 2621 aula
801 2561 953 2620 Francisoi
974 2559 1131 2619 Barbcrini
1159 2560 1253 2618 cardi·

241 2649 318 2709 nalis
345 2649 404 2708 viri
431 2653 646 2710 commoratum
672 2669 703 2710 se
732 2669 794 2710 esse
822 2652 961 2723 testetur,
989 2648 1077 2710 valde
1099 2648 1254 2725 probabile

242 2741 296 2815 est,
318 2738 514 2798 Barberinum
538 2740 667 2798 codicem
691 2759 758 2798 cum
782 2757 852 2814 esse,
877 2758 964 2815 quem
986 2737 1149 2813 inspexerit
1166 2738 1254 2796 Lam-

241 2827 350 2886 becius.
395 2828 572 2888 festinanter
594 2831 695 2888 autem
717 2829 769 2887 ille
793 2827 998 2905 apographum
1021 2846 1107 2886 suum
1127 2827 1256 2887 confecit

243 2907 441 2997 (p.129,10
465 2915 664 2995 αἰνιττόμενον
684 2917 786 2976 Lamb.
811 2935 865 2993 pro
888 2913 1091 2993 αἰνιττόμενοι,
1117 2918 1155 2974 11
1181 2914 1255 2976 νεώ-

242 3025 313 3074 τατα
335 3024 389 3080 pro
412 3002 570 3084 νεώτατον)
594 3025 689 3082 neque
713 3005 889 3065 coniecturis
907 3005 1041 3081 pepercit
1064 2995 1107 3085 (p.
1129 3005 1214 3074 15,4
1239 3024 1255 3062 e

244 3113 296 3162 suo
325 3091 374 3152 διὰ
401 3101 485 3154 τοῦτο
513 3095 641 3170 addidit,
672 3116 699 3172 p.
722 3096 854 3171 159,13
882 3092 937 3171 τὴν
964 3092 1107 3170 λευκάτην
1136 3092 1255 3169 scripsit

243 3201 298 3259 pro
321 3180 373 3242 τὸν
396 3176 566 3266 hundam),
595 3183 781 3260 quinetiam
808 3184 884 3244 falso
908 3183 997 3242 titulo
1025 3185 1113 3242 ornat
1135 3183 1256 3259 prolata

243 3271 344 3348 p.15,
366 3276 382 3329 1
408 3263 459 3352 (ex
476 3272 540 3332 Ich.
558 3273 636 3348 Lydi
658 3271 725 3353 aspi
748 3271 844 3353 ἀρχῶν
867 3264 1049 3354 πολιτικῶν),
1073 3291 1131 3347 quo
1154 3271 1197 3346 fit,
1220 3272 1256 3328 ut

243 3360 325 3418 illius
348 3360 489 3420 lectiones
508 3361 547 3420 ad
564 3362 747 3422 restituenda
765 3361 903 3437 Lydiana
921 3361 1010 3420 verba
1031 3360 1107 3419 nihil
1125 3361 1257 3422 valeant.

311 3448 470 3509 Difficilior
492 3451 553 3509 iam
580 3469 626 3510 res
650 3454 708 3526 est,
736 3471 803 3510 cum
830 3451 1011 3526 quaerimus,
1038 3449 1156 3508 cuinam
1179 3448 1258 3509 fonti

246 3537 390 3614 originem
413 3540 519 3599 debeat
543 3541 633 3600 codex
656 3540 689 3598 Β.
726 3540 814 3600 huius
832 3540 970 3616 propriae
989 3541 1059 3600 sunt
1076 3542 1165 3598 notae
1184 3538 1256 3596 illae

246 3627 374 3710 margini
397 3628 525 3704 additae,
549 3629 655 3705 quibus
678 3630 716 3688 ad
739 3630 814 3696 alios
833 3632 967 3688 auctores
982 3629 1137 3704 relegatur
1154 3628 1257 3688 lector.
