2790 4214
244 253 285 318 16
616 251 725 307 LIBER
742 251 877 307 PRIMUS

199 416 400 500 Χθορύβοις
416 418 478 499 τὴν
487 415 630 481 Ἰταλίαν
648 415 795 501 μεγάλην
804 414 946 481 Ἑλλάδα
964 412 1155 502 ᾠκονόμησε
1172 419 1251 498 κλη-

239 528 343 604 θῆναι
375 523 499 598 πάντας
531 545 566 587 τε
597 522 675 597 τούς
705 523 858 598 κλεινοὺς
889 532 956 586 τῶν
989 523 1185 606 φιλοσόφων
1217 519 1249 600 ἐξ

238 626 339 711 αὐτῆς
366 633 561 714 προελθεῖν,
584 624 806 711 Ἐμπεδοκλέα
832 624 917 709 λέγω
943 626 1004 691 τὸν
1026 627 1172 711 φυσικὸν
1194 625 1250 693 καλ

239 735 362 811 άλλους
383 737 529 811 πολλοὺς
551 734 616 820 πρὸ
635 731 891 818 Ἀριστοτέλους.

186 849 237 904 XS
306 839 357 906 35.
373 838 443 905 Ὅτι
462 838 516 907 ἐπὶ
534 849 595 906 τοῦ
613 844 735 925 Νουμᾶ
752 837 808 905 καὶ
825 839 890 926 πρὸ
904 839 1026 906 τούτου
1040 841 1073 905 ολ
1090 841 1269 918 πάλαιΙλτΙ,
1277 855 1310 905 31

213 947 341 1032 σίερείς
363 953 497 1031 χαλκαῖς
519 951 668 1030 ψαλίσιν,
691 944 762 1013 ἀλλ’
786 945 827 1012 οὐ
850 947 1002 1032 σιδηραῖς
1024 945 1251 1033 ἀπεκείροντο·

240 1053 345 1140 ὁγὰρ
370 1054 506 1139 σίδηρος
527 1055 610 1119 κατὰ
636 1055 715 1130 τοὺς
739 1056 998 1139 Πυθαγορείους
1021 1062 1060 1140 τῇ
1083 1053 1147 1140 ύλη
1171 1053 1250 1120 άνά-

240 1180 359 1226 κειται·
388 1159 487 1244 μέλας
509 1162 572 1246 γάρ
594 1157 650 1225 καὶ
674 1159 773 1236 αὐτὸς
794 1157 850 1225 καὶ
873 1161 929 1225 διὰ
951 1168 1049 1225 τοῦτο
1073 1160 1172 1244 ἐγγὺς
1194 1160 1251 1225 άν-

241 1268 355 1350 είδεος,
378 1267 586 1352 πολύκμητός
607 1289 642 1332 τε
664 1264 721 1332 καὶ
743 1267 971 1352 πολύχρηστος
994 1264 1065 1333 ἀλλ’
1089 1266 1151 1332 ούκ
1168 1266 1250 1332 άπα-

200 1399 227 1439 10
239 1375 304 1456 θής
327 1371 426 1438 ἐστιν.

198 1488 215 1542 S
301 1478 352 1543 36.
363 1477 433 1546 Ὅτι
446 1482 528 1565 μετὰ
545 1480 605 1546 τὸν
618 1481 817 1562 Αὔγουστον
832 1479 869 1544 ἐν
886 1489 957 1555 ταῖς
976 1487 1036 1544 τοῦ
1056 1483 1169 1544 Παλα-
1183 1487 1308 1545 deesth

239 1588 312 1650 τίου
340 1585 471 1665 τάξεσιν
499 1586 672 1672 ηὑρίσκετο
702 1585 757 1651 καὶ
785 1587 934 1670 σύστημα
963 1589 1147 1672 πατρικίων
1177 1584 1247 1672 ἑξή-

238 1717 340 1759 κοντα
367 1691 442 1778 παρ’
467 1684 516 1769 οἷς
543 1694 583 1758 τά
611 1693 746 1775 διοπετῆ
775 1693 859 1758 όπλα
887 1691 1100 1777 ἐφυλάττετο·
1132 1695 1181 1758 ἔτι
1209 1688 1247 1758 δὲ

239 1801 305 1886 μὴν
335 1797 391 1864 καὶ
422 1801 517 1864 άλλοι
548 1799 740 1884 τριάκοντα,
772 1797 849 1885 παρ’
877 1790 928 1876 οἷς
960 1798 1183 1883 ἐφυλάττοντο
1213 1800 1246 1865 ολ

200 1935 226 1975 ιε
240 1908 422 1991 σιβύλλειοι
446 1908 594 1991 χρησμοί.

200 2016 222 2072 0
305 2013 356 2078 37.
366 2010 486 2098 Ἶερίας
499 2010 657 2094 γενέσθαι
670 2011 708 2075 τὸ
722 2009 804 2098 πρὶν
816 2014 894 2089 τοὺς
908 2011 1049 2098 ὕστερον
1067 1993 1288 2098 όίρηον-ςξῖἆῖἷῖ·Θ

241 2144 299 2197 τας
316 2129 376 2185 τοῦ
391 2119 558 2204 Ῥωμαίων
580 2119 818 2203 πολιτεύματος
840 2117 954 2185 ούδενλ
972 2131 1039 2185 τῶν
1056 2120 1191 2185 πάντων
1198 2110 1298 2202 ρῖἶζέξῃ,

240 2227 413 2312 ἠγνόηται,
442 2230 617 2312 Τυρρηνοῦ
641 2223 694 2292 ἐπὶ
718 2227 780 2309 τὴν
808 2224 948 2314 ἑσπέραν
976 2225 1012 2291 ἐκ
1038 2235 1096 2309 τῆς
1119 2226 1247 2302 Λυδίας

240 2335 473 2419 μεταστάντος,
502 2335 581 2409 τοὺς
609 2335 683 2398 τότε
711 2332 937 2418 καλουμένους
961 2331 1181 2417 Ἑτρούσκους
1202 2369 1247 2380 --

203 2457 229 2496 2⁰
244 2443 344 2516 ἔθνος
373 2437 411 2505 δὲ
440 2435 483 2523 ἧν
512 2442 662 2505 Σικανόν
688 2441 813 2516 -τάς
843 2439 966 2504 Λυδῶν
995 2440 1125 2515 τελετάς
1155 2439 1248 2505 διδά·

199 2567 201 2573 ·
240 2546 373 2629 ξαντος,
403 2545 462 2623 οὓς
492 2546 608 2630 ἕκτης
632 2549 839 2622 θυοσκοπίας
867 2545 1038 2620 Θούσκους
1064 2544 1248 2630 συμβέβηκε

239 2659 540 2738 μετονομασθῆναι·
566 2651 622 2718 καὶ
645 2653 773 2718 τούτων
796 2653 843 2729 είς
866 2652 988 2728 πλάτος
1010 2650 1048 2716 ἐν
1070 2661 1108 2738 τῇ
1132 2653 1245 2738 πρώτη

239 2768 296 2843 τῆς
326 2755 402 2844 περὶ
434 2769 548 2842 μηνῶν
579 2761 760 2844 γραφείσης
790 2757 871 2842 ἡμῖν
898 2761 1121 2844 πραγματείας
1151 2764 1247 2843 ίσμεν

239 2864 532 2950 μνημονεύσαντες.
576 2865 616 2928 τά
643 2866 706 2949 γάρ
735 2863 876 2948 ἐπίσημα
898 2875 966 2930 τῶν
988 2864 1160 2951 ἀρχόντων
1183 2864 1247 2930 ἀπὸ

199 2989 225 3030 εε
242 2972 401 3037 Θούσκων
423 2971 535 3054 λαβὼν
558 2970 576 3037 δ
599 2973 755 3055 βασιλεὺς
772 2974 911 3055 Νουμᾶς
933 2980 972 3057 τῇ
991 2974 1142 3058 πολιτείᾳ
1161 2973 1248 3054 εἰση-

238 3101 350 3161 γαγεν,
373 3079 481 3163 ὥσπερ
504 3075 559 3142 καὶ
582 3089 649 3142 τῶν
672 3078 784 3142 ὅπλων
806 3078 843 3142 τὸ
865 3078 1036 3162 δύσμαχον
1058 3077 1121 3142 άπὸ
1141 3080 1249 3143 Γαλα-

239 3194 314 3249 τῶν.
358 3182 413 3249 καὶ
442 3184 604 3269 μάρτυρες
633 3180 695 3268 μὲν
726 3184 853 3249 τούτων
885 3185 903 3249 ὅ
935 3208 970 3249 τε
1001 3187 1162 3250 Καπίτων
1194 3181 1249 3248 καί

311 3429 335 3466 v.
352 3419 366 3466 1
386 3412 437 3482 τὴν
455 3407 563 3465 ίταλίαν
585 3411 722 3483 θορύβοις
739 3412 767 3464 Β
842 3412 925 3465 ὁκαὶ
947 3419 1028 3466 τοῦτο
1052 3409 1084 3465 δὲ
1107 3411 1177 3479 πρὸς
1199 3419 1249 3465 τοῦ

241 3491 331 3551 νουμᾶ
363 3480 548 3550 διατέθειται,
581 3481 648 3537 ὥστε
684 3484 749 3545 τούς
781 3481 863 3550 ἱερεῖς
883 3489 952 3536 -6
985 3479 1187 3556 ἀποκείρεσθαι
1220 3483 1252 3536 Χ

242 3551 410 3609 8ἀνειδίου
433 3555 464 3608 Χ
535 3552 762 3623 9πολυκάμητος
779 3555 807 3608 Α
824 3551 1020 3623 πολυκαμητάς
1038 3554 1066 3608 Β
1138 3559 1172 3606 13
1190 3555 1251 3608 διο·

242 3632 310 3694 πετῆ
325 3656 359 3666 -
377 3630 410 3678 14
430 3621 471 3687 οἶς
489 3623 519 3678 in
537 3641 590 3679 ras.
610 3624 632 3679 S
703 3631 735 3680 18
753 3627 907 3695 τυρρηνούς
928 3625 950 3679 O
968 3640 1037 3679 corr.
1056 3623 1178 3678 Fussius.
