2790 4214
395 297 503 351 LIBER
522 297 697 362 QUARTUS.
724 296 923 352 IANUARIUS
1068 311 1069 314 ’
1123 297 1163 360 67

155 463 282 547 τρόπον
303 470 360 545 τῆς
382 469 513 546 πομπῆς
534 463 680 546 πατρίως
702 460 867 545 ὀβατίωνα
891 459 1032 526 ἐκάλουν
1055 460 1090 525 έκ
1108 469 1166 542 τῆς
1179 471 1205 524 Χ

156 578 223 631 τῶν
240 568 416 652 προβάτων
438 570 569 643 θυσίας.
605 565 660 632 καὶ
682 569 743 632 τὸν
760 563 821 652 μὲν
839 567 942 632 ἵππον
956 565 1165 653 προσέφερεν

157 672 175 738 ὁ
201 673 325 750 ὕπατος
351 681 397 762 τῷ
420 677 546 738 Διί-
568 673 624 739 καὶ
651 675 714 760 γάρ
729 672 847 751 Ἥλιος
875 673 974 752 αὐτὸς
996 675 1078 739 κατὰ
1103 679 1165 740 Φε-

156 781 299 866 ρεκύδην
320 818 362 826 -
384 775 439 846 εἴτ’
464 780 594 846 έκελθεν
618 783 679 864 τήν
699 781 827 847 ὕπατον
847 779 1023 866 ἀναλαβὼν
1043 782 1165 864 στολήν

153 889 346 974 προήρχετο.
391 897 489 952 τοῦτο
518 883 554 952 δὲ
583 888 630 963 είς
658 888 757 972 τιμήν
778 895 839 953 τοῦ
861 889 945 964 Διὸς
968 885 1046 953 ὡσεὶ
1068 911 1165 953 κατα·
1191 914 1204 953 5

153 992 391 1077 γωνισθέντων
409 990 527 1082 ’ἐκείνῳ
545 1006 613 1059 τῶν
632 995 815 1077 Γιγάντων,
838 992 913 1059 ἀντὶ
930 1004 991 1059 τοῦ
1009 993 1164 1078 νικηθέν-

153 1123 210 1177 τος
245 1110 306 1165 τοῦ
344 1103 496 1185 χείματος
531 1101 596 1166 ὑπὸ
631 1109 692 1165 τοῦ
726 1099 833 1183 ῆλίου.
888 1101 920 1164 οἱ
956 1096 994 1164 δέ
1022 1099 1225 1185 μυθικοὶΧὸ

154 1207 304 1293 Βριάρεω
328 1209 387 1272 τὸν
409 1219 555 1292 χειμῶνα
577 1206 921 1292 καλοῦσιπολόχειρά
943 1230 1028 1289 τινα,
1052 1207 1108 1271 διά
1127 1209 1164 1272 τὸ

152 1314 361 1398 πολυσχιδῶς
385 1315 423 1378 τὸ
446 1315 553 1399 ὑγρὸν
576 1312 743 1397 έκχεῑσθαι
766 1311 837 1378 κατ’
865 1312 976 1377 αὐτόν.
1021 1310 1076 1377 καὶ
1099 1321 1164 1378 νῦν

152 1416 214 1503 μὲν
240 1421 376 1504 μάχεται
404 1420 421 1485 ὁ
445 1420 615 1506 Βριάρεως
641 1427 687 1505 τῷ
710 1417 770 1484 Διὶ
798 1416 901 1484 οἱονεὶ
924 1426 970 1506 τῷ
992 1417 1086 1507 ήλίφ,
1108 1417 1163 1484 καὶ
1177 1450 1203 1488 10

153 1527 321 1610 σύμμαχος
339 1520 440 1601 αὖθις
459 1525 547 1613 αὐτῷ
566 1529 692 1608 γίνεται
711 1527 766 1591 διὰ
784 1527 822 1590 τὸ
840 1527 901 1608 τήν
918 1525 1026 1611 ὑγράν
1045 1524 1164 1591 οὐσίαν

152 1633 325 1717 σύμμαχον
347 1628 434 1697 εἶναι
456 1643 495 1718 τῆ
518 1639 635 1719 θερμῆ.

98 1746 204 1802 RrIV4
227 1739 257 1803 4
284 1737 403 1804 Ἡλίου
429 1743 546 1804 τοίνυν
572 1739 816 1815 έπεκτείνοντος
842 1740 904 1823 τήν
930 1738 1056 1825 ἡμέραν
1082 1742 1201 1825 πρό-Χ

154 1862 239 1911 εισιν
257 1845 275 1910 ὁ
294 1845 428 1929 ὕπατος,
450 1844 506 1910 καὶ
528 1845 548 1930 ῆ
567 1842 629 1930 μέν
646 1844 750 1932 ῆμέρα
769 1844 884 1931 ἑορτῆς
901 1843 956 1911 καὶ
977 1846 1161 1930 ἐκεχειρίας.

154 1954 276 2017 οίωνοῦ
303 1949 341 2017 δὲ
368 1953 466 2038 χάριν
494 1954 526 2018 οἱ
553 1954 709 2038 άρχοντες
737 1950 790 2017 ἐπὶ
817 1963 885 2018 τῶν
912 1953 1068 2037 βημάτων
1096 1951 1161 2036 έγί-
1175 1981 1200 2022 15

152 2081 252 2124 νοντο
279 2057 334 2123 καί
361 2060 468 2124 πάντα
494 2061 535 2124 τά
563 2058 788 2145 στρατεύματα
811 2061 875 2124 σὺν
897 2070 966 2136 τοῖς
989 2058 1161 2144 ἐπισήμοις

152 2168 321 2249 συνήγετο.
353 2164 409 2229 καὶ
425 2165 527 2230 πάλαι
545 2162 607 2250 μέν
626 2166 762 2250 ἰσχάδας
780 2164 935 2249 ἀλλήλοις
954 2165 1160 2249 ἐπεδίδοσαν,

151 2269 215 2335 άπὸ
242 2275 395 2354 γλυκείας
423 2280 549 2357 τροφῆς
575 2273 689 2356 δῆθεν
708 2271 938 2357 ἀπαρχόμενοι.
983 2273 1095 2357 φύλλα
1120 2269 1160 2359 ,δὲ

151 2378 280 2462 δάφνης
302 2376 458 2442 έδίδοσαν
480 2378 561 2463 άπερ
587 2376 728 2443 ἐκάλουν
751 2387 875 2464 στρῆνα
898 2381 945 2455 είς
967 2378 1065 2463 τιμήν
1088 2380 1159 2444 δαί-

149 2487 251 2570 μονός
272 2508 363 2560 τινος
387 2485 472 2550 οὕτω
494 2483 834 2571 προσαγορευομένης,
857 2485 928 2568 ήτις
951 2487 1072 2573 έφορός
1090 2485 1158 2552 ε’στι
1172 2515 1199 2554 ιο

148 2602 216 2655 τῶν
234 2603 345 2656 νικῶν.
382 2592 418 2656 τὸ
434 2587 471 2656 δέ
485 2601 609 2678 στρῆνα
622 2590 697 2656 καθ’
709 2590 871 2676 Ἕλληνας
885 2593 944 2657 τὸν
958 2593 1159 2679 εὐαρχισμὸν

148 2699 207 2762 τὸν
217 2695 270 2761 ἐπὶ
280 2697 463 2783 έντρεχείας
473 2707 707 2784 στρατιωτικῆς
716 2699 930 2782 σημαίνει.οὐ
940 2701 1111 2786 γάρ-ὡς
1120 2702 1157 2765 τὸ

146 2810 328 2888 πλῆθος-
339 2803 497 2886 ἀπάγεται
511 2808 669 2887 παιγνίου
682 2803 737 2869 καί
752 2805 923 2892 ῥηστώνης
937 2807 1043 2892 χάριν.
1073 2805 1156 2891 φασὶ
1169 2819 1191 2870 Ρ

148 2905 228 2993 (oz)
240 2912 387 2976 Λατῖνον
406 2909 534 2976 ἐκεῖνον
548 2921 607 2976 τοῦ
622 2914 810 2995 Τηλεγόνου
823 2908 885 2997 μὲν
899 2912 1056 2998 άδελφόν,
1075 2917 1157 3000 Κίρ-

147 3039 207 3100 κης
230 3011 267 3080 δέ
287 3017 401 3100 παῖδα,
424 3019 592 3104 πενθερὸν
615 3014 652 3082 δὲ
670 3019 819 3103 Αἰνείου,
842 3020 993 3098 κτίζοντα
1015 3021 1076 3103 τήν
1098 3027 1156 3102 τῆς
1170 3044 1195 3084 κε

217 3177 271 3226 v.l
292 3170 426 3244 όβατίονοι
440 3173 468 3226 Α
540 3172 681 3243 Βόήλιος
695 3175 723 3228 Β
794 3173 969 3247 4όιναλαβόν
983 3175 1011 3228 Α
1083 3172 1156 3243 ἵότι

147 3243 174 3296 οἱ
193 3245 310 3310 μυθικοὶ
325 3275 358 3284 -
374 3250 407 3297 12
425 3252 474 3314 τῆς
491 3245 634 3314 δερμῆςδ
722 3252 753 3299 11
774 3243 904 3310 αόδις-
915 3253 947 3300 12
967 3247 1110 3315 σύμμαχον
1127 3247 1156 3300 Α

145 3312 176 3366 in
189 3329 277 3383 marg.
351 3321 383 3368 13
403 3313 573 3378 ἐκτείνοντος
590 3316 629 3387 Α,
650 3334 718 3371 corr.
738 3333 771 3370 ex
794 3315 1012 3385 ἐπεκτείνοντος,
1035 3315 1103 3384 quia
1121 3317 1157 3371 ἐκ

144 3383 589 3512 ογικειιεαινε
602 3386 953 3513 κυλίκων
969 3386 1156 3514 ..κάει

144 3528 188 3582 κε
259 3532 293 3580 ιε
311 3478 495 3599 ιιιγιιιινι
515 3477 610 3597 swa
628 3533 683 3583 ιιι.
703 3529 768 3583 huic
780 3478 974 3584 ἶοῖῗίλάεῖιε
993 3501 1154 3586 &Parisino

145 3615 245 3667 graeco
260 3599 359 3654 1630f.
375 3605 408 3653 98
419 3599 470 3669 (P),
484 3599 657 3654 Boissonade
670 3600 774 3655 Anecd.
790 3600 837 3655 Gr.
846 3601 867 3670 1,
877 3606 929 3655 424
938 3618 977 3671 sq.
1034 3608 1068 3657 24
1081 3601 1155 3678 <δὲ>

145 3668 243 3722 addidi
258 3671 263 3738 Ι
278 3667 460 3739 τηλεγομένον
480 3671 513 3740 Ρ,
533 3688 600 3725 οοη.
619 3670 708 3725 Boias.

956 3763 994 3816 5*
