2788 4222
566 194 769 250 PRAEFATIO
1120 195 1172 250 VII

156 365 231 424 tiam
253 363 439 434 Parisiorum
456 364 606 440 pervenit,
629 365 871 422 membranaceus
890 366 935 422 est
955 363 1021 424 folii
1039 363 1172 440 minoris,

158 453 270 512 saeculi
283 454 354 512 noni
368 454 416 512 vel
435 452 549 528 docimi,
572 452 709 529 Lydiana
728 453 897 528 complexus
917 453 989 511 olim
1007 452 1066 512 tria
1081 470 1172 529 opera

158 542 193 600 de
221 542 370 601 mensibus
401 542 525 601 ostentis
555 541 790 619 magistratibus.
836 544 926 616 atque
957 542 1020 600 eius
1051 542 1172 618 quidem

158 631 267 706 partiS,
299 650 358 706 qua
386 631 422 689 de
453 630 603 690 mensibus
632 631 740 707 agebat
773 632 890 704 auctor,
922 649 982 689 non
1011 631 1078 706 plus
1110 632 1171 690 duo

158 719 253 779 adhuc
276 723 436 796 supersunt
458 719 548 794 folia,
574 719 705 778 numeris
727 719 815 778 hodie
843 722 948 778 notata
977 721 1018 779 99
1043 722 1074 778 et
1098 722 1170 796 100,

156 809 219 868 vini
247 812 347 868 autem
374 808 494 866 madore
525 809 598 868 adeo
627 808 736 883 tincta,
767 810 802 866 ut
829 807 979 866 difficilior
1005 827 1106 866 eorum
1132 807 1171 866 sit

156 898 254 958 lectio.
301 916 365 975 ego,
389 915 456 955 cum
480 897 609 956 codicem
631 897 719 955 illum
737 896 859 955 Parisiis
884 897 1058 970 evolverem,
1082 897 1170 955 simul

157 986 218 1044 adii
242 984 271 1045 0.
295 986 329 1044 Β.
353 986 439 1045 Hasii
466 986 602 1060 schedae,
631 986 683 1061 qui
711 985 825 1061 primus
853 985 926 1044 haec
954 985 1028 1044 folia
1056 985 1170 1062 publici

156 1075 229 1134 iuris
244 1075 316 1134 fecit
329 1075 360 1133 in
375 1074 444 1133 libri
457 1074 493 1132 do
508 1075 633 1134 ostentis
648 1075 777 1133 editione
792 1070 871 1150 (Par.
882 1075 966 1132 1823
981 1095 1010 1150 p.
1022 1071 1170 1152 262sqq.)
1198 1067 1200 1072 ’

157 1164 301 1240 cuiusque
329 1163 483 1222 chartulae
510 1183 602 1222 manu
631 1163 814 1238 conscriptae
843 1165 873 1222 et
900 1163 983 1237 ipsae
1010 1163 1042 1221 in
1065 1164 1170 1224 biblio-

156 1253 243 1312 theca
270 1252 534 1330 Francogallorum
556 1252 713 1311 Nationali
745 1251 955 1325 adservantur,
987 1252 1065 1310 inter
1095 1271 1171 1329 quas

156 1342 314 1418 utriusque
344 1340 409 1400 folii
440 1339 588 1399 (laseolini
618 1340 825 1416 apographum
852 1339 1072 1399 accuratissime
1102 1360 1170 1400 con-

156 1431 269 1488 fectum
292 1432 375 1488 extat
396 1429 468 1488 folio
495 1430 639 1505 154¹sqq.
663 1428 771 1487 codicis
795 1428 908 1504 suppl.
933 1449 980 1505 gr.
1005 1430 1082 1502 8593
1111 1449 1170 1505 quo

158 1518 267 1576 auxilio
301 1517 422 1576 adiutus
453 1517 603 1592 paulatim
636 1517 795 1576 atramenti
824 1517 929 1576 ductus
956 1517 988 1574 in
1016 1517 1115 1576 codice
1144 1515 1170 1576 0

158 1607 340 1683 distinguere
368 1606 465 1681 coepi,
495 1606 565 1663 dum
603 1624 703 1665 omnes
732 1605 849 1664 litteras
883 1608 1086 1681 perscrutatus
1118 1609 1173 1665 aut

156 1697 236 1754 recte
259 1695 366 1772 legisse
388 1695 515 1753 Hasium
538 1697 604 1768 aut,
632 1713 690 1770 quo
715 1697 780 1753 erat
801 1694 914 1771 ingenii
937 1695 1085 1770 acumine,
1107 1696 1169 1771 ple·

156 1783 256 1859 risque
275 1783 348 1843 locis
365 1787 445 1842 recte
465 1784 648 1859 supplevisse
666 1783 883 1860 intellegerem,
905 1783 981 1841 miro
1000 1784 1079 1842 enim
1098 1803 1170 1843 casu

156 1871 347 1947 factumest,
376 1876 411 1931 ut
433 1873 522 1949 plura
550 1872 700 1932 dinoscere
723 1872 871 1948 potuerim
900 1872 993 1931 Hasio
1022 1873 1076 1932 sub
1106 1873 1171 1932 vini

156 1961 278 2036 rubore,
310 1981 369 2037 quo
396 1964 542 2038 teguntur
563 1961 637 2020 haec
659 1961 745 2020 folia:
777 1960 857 2036 quod
883 1961 929 2020 ita
961 1961 1170 2037 explicandum

158 2068 219 2109 esse
242 2053 327 2126 puto,
348 2052 384 2108 ut
405 2050 547 2125 pallidior
564 2049 662 2109 sactus
681 2050 721 2108 sit
743 2050 824 2109 color
842 2049 893 2108 ille
917 2053 972 2108 aut
990 2068 1076 2109 cursu
1095 2053 1168 2109 tem-

156 2158 262 2214 porum
285 2142 339 2197 aut
362 2139 481 2197 auxiliis
505 2139 542 2196 ab
565 2142 630 2197 arte
654 2139 788 2214 chymica
810 2131 940 2214 petitis.l
982 2139 1065 2198 locus
1089 2158 1169 2213 vero,

157 2246 246 2303 quem
268 2227 300 2285 in
322 2227 387 2302 ipso
406 2227 541 2302 Lydiano
565 2246 652 2303 opere
675 2227 827 2286 tenuerint
845 2228 995 2302 quondam
1013 2227 1087 2286 folia
1105 2228 1169 2301 illa,

155 2316 313 2375 verborum
335 2320 436 2375 tenore
460 2315 533 2374 satis
557 2319 658 2391 ape1te
679 2315 764 2374 nobis
786 2315 943 2390 indicatur,
967 2335 1026 2392 quo
1049 2315 1169 2374 initium

155 2405 332 2464 Novembris
355 2404 463 2463 mensis
486 2405 518 2462 in
542 2404 637 2464 altero
660 2404 733 2463 foho
757 2407 920 2479 enarratur,
943 2404 1114 2464 Decembris
1137 2405 1169 2463 in

157 2494 265 2553 altero:
294 2493 432 2553 editionis
460 2493 571 2552 inserui
598 2493 671 2552 haec
698 2493 867 2570 fragmenta
891 2493 1009 2570 paginis
1035 2493 1107 2569 165,
1128 2495 1167 2551 17

158 2584 282 2656 -168,
302 2583 344 2642 20
368 2584 399 2640 et
423 2582 495 2656 169,
515 2584 687 2657 22-173,
708 2585 757 2642 10.
802 2582 834 2639 in
858 2581 977 2641 edendis
1000 2585 1102 2640 autem
1123 2581 1169 2642 his

157 2670 294 2747 reliquiis
317 2671 349 2728 id
372 2671 528 2731 consilium
552 2690 618 2730 sum
641 2673 901 2745 sanctuarum
924 2671 1012 2730 certis
1030 2671 1169 2730 haberem

158 2778 208 2818 eas
227 2759 355 2835 litteras,
378 2779 452 2835 quas
471 2762 524 2817 aut
542 2760 605 2836 ipse
625 2760 807 2838 distinguere
828 2759 1000 2836 potuissem,
1023 2763 1077 2818 aut
1095 2775 1170 2836 quas

157 2852 277 2923 praeter
308 2849 376 2908 illas
408 2867 427 2906 a
459 2867 490 2907 se
522 2852 600 2908 certe
632 2850 725 2908 lectas
757 2867 819 2908 esse
849 2849 1012 2908 affirmaret
1043 2848 1169 2922 Hosius,

157 2938 366 3012 supplementa
402 2955 485 3013 vero,
518 2938 624 3013 quibus
655 2939 712 2996 hae
746 2938 881 3014 opusculi
908 2941 1009 3014 partes
1040 2937 1169 2995 maxime

156 3025 304 3102 indigent,
337 3044 453 3102 semper
483 3026 545 3084 fere
578 3026 699 3084 adhibui
729 3045 764 3084 ea
794 3046 871 3102 quae
903 3027 982 3084 idem
1011 3025 1169 3100 proposuit

156 3114 275 3190 Hasius,
298 3114 433 3190 nisique
457 3115 522 3172 loco
546 3115 606 3172 alia
624 3115 761 3174 suaderet
783 3116 940 3175 verborum
961 3131 1098 3188 conexus,
1120 3113 1168 3171 vel

156 3203 187 3260 id
206 3203 286 3278 quod
305 3204 422 3279 saepius
441 3203 559 3276 accidit,
576 3202 653 3278 Lydi
671 3204 761 3262 verba
775 3203 806 3262 in
826 3205 920 3262 altero
935 3221 1054 3278 quoquc
1068 3200 1168 3260 codice

158 3295 277 3351 servata
301 3294 406 3352 essent.

222 3381 328 3457 Neque
358 3401 429 3440 vero
455 3382 528 3440 haec
558 3381 616 3439 duo
645 3380 732 3453 folia,
764 3399 840 3455 quae
869 3400 904 3439 ex
932 3379 997 3454 ipso
1024 3379 1100 3438 libro
1132 3381 1168 3438 de

232 3567 326 3636 ¹Lyd.
347 3568 382 3622 de
401 3571 452 3623 ost.
472 3567 515 3622 ed.
534 3566 742 3622 Waohsmuth¹
760 3585 785 3636 p.
805 3566 869 3621 Xt.
