2788 4222
224 261 328 316 LXXX
629 259 833 315 PRAEFATIO

225 429 399 489 commentis
427 429 543 488 Numae
570 428 717 504 Pompilio
746 427 905 502 attributa,
931 428 980 487 val
1002 428 1235 504 immutationes

227 536 300 594 quas
313 517 367 575 illa
379 517 544 593 posteriore
562 519 695 593 tempore
713 534 803 592 passa
822 517 890 591 sint,
907 517 956 575 vel
975 516 1101 592 deniquo
1114 518 1235 576 nomina

225 625 328 665 eorum
340 606 373 664 in
387 624 526 683 graecum
540 623 704 665 sermonem
717 606 873 665 translata.
905 605 1121 664 interciderunt
1134 616 1236 666 autem

225 695 368 770 plurima,
394 695 439 752 ita
467 697 502 753 ut
524 694 710 770 singulorum
732 695 968 770 fragmentorum
990 694 1122 753 ordinem
1145 698 1236 771 atque

224 801 370 842 conexum
392 783 425 841 in
445 783 598 859 integrum
620 783 777 842 restituero
800 783 887 841 bodie
909 782 971 840 iam
993 801 1053 842 non
1075 783 1172 841 liceat.

291 871 445 948 Expeditis
473 871 528 929 tali
556 871 644 931 modo
671 872 720 947 iis,
755 890 831 947 quae
857 871 1020 947 posteriore
1049 870 1119 930 libri
1145 871 1235 947 primi

223 964 310 1038 parte
333 960 417 1020 nobis
440 961 608 1036 narrantur,
631 963 727 1019 restat
744 962 780 1018 ut
797 960 959 1036 videamus,
983 961 1130 1036 quomodo
1148 979 1235 1036 para·

225 1049 347 1127 grapbis
374 1049 442 1107 inde
470 1066 488 1106 a
514 1048 613 1124 prima
638 1067 734 1124 usque
762 1049 801 1108 ad
822 1051 937 1107 sextam
964 1048 1108 1108 decimam
1136 1049 1234 1108 distri-

223 1138 323 1197 buerit
345 1135 522 1196 Laurentius
545 1138 710 1197 materiam.
756 1141 787 1196 et
813 1137 868 1197 boo
891 1137 1010 1213 quidem
1033 1137 1079 1195 illi
1101 1155 1234 1197 neeessa-

225 1226 305 1285 rium
325 1226 418 1285 fuisse
441 1225 545 1284 statim
567 1226 711 1301 videmus,
733 1229 779 1300 ut,
801 1226 827 1284 si
849 1225 970 1301 quidem
992 1225 1028 1284 de
1047 1244 1125 1285 anno
1144 1225 1235 1286 solari

225 1334 244 1374 a
266 1315 414 1391 Pompilio
436 1315 558 1374 invento
581 1315 677 1374 (liuere
700 1315 804 1390 vellet,
826 1315 908 1390 prius
932 1314 968 1372 de
991 1333 1027 1373 ea
1050 1333 1128 1390 quae
1151 1334 1234 1391 prae-

224 1403 348 1464 cedebat
370 1403 512 1479 temporis
536 1403 706 1463 definitione
730 1405 840 1480 ageret,
864 1423 954 1478 quam
974 1403 1102 1462 Romani
1125 1422 1235 1463 annum

222 1493 361 1552 lunarem
383 1493 484 1551 deoem
505 1492 652 1552 mensium
674 1511 693 1551 a
711 1493 837 1551 Romulo
856 1492 1053 1552 constitutum
1071 1492 1162 1551 fuisse
1179 1512 1234 1568 pu-

224 1580 339 1640 tabant.
384 1600 444 1656 qua
470 1600 502 1639 re
529 1582 642 1641 faotum
670 1584 727 1657 est,
755 1584 791 1639 ut
817 1580 961 1640 Romulus
990 1583 1235 1640 commemoretur

225 1668 316 1746 §14²
339 1669 390 1727 ubi
412 1669 497 1729 nobis
519 1671 663 1744 traditur,
690 1688 821 1745 quonam
843 1673 976 1745 tempore
999 1667 1036 1727 ab
1063 1669 1117 1728 illo
1140 1670 1234 1729 Roma

224 1758 345 1818 oondita
368 1758 415 1832 sit,
440 1758 589 1833 quodnam
611 1758 733 1817 initium
755 1761 887 1834 quotque
910 1776 1024 1816 meuses
1048 1776 1161 1817 aunum
1181 1758 1234 1817 ha-

224 1847 293 1906 bere
315 1847 435 1905 iusserit
463 1847 610 1921 eonditor3
638 1847 717 1904 unde
743 1865 825 1906 more
852 1865 904 1906 suo
932 1846 1063 1905 deflectit
1090 1865 1108 1906 a
1135 1847 1235 1905 deoem

224 1935 375 1996 mensibus
390 1935 428 1994 ad
442 1933 503 1994 vim
518 1953 657 1994 arcanam
670 1935 784 1994 denarii
798 1936 912 1994 numeri
925 1934 1106 1994 Laurentius
1121 1927 1155 2016 (ᾖ
1169 1927 1234 2016 15),

226 2025 317 2083 donee
349 2023 484 2100 sequenti
519 2023 709 2101 paragrapho
746 2024 906 2083 revertitur
942 2024 980 2083 ad
1012 2023 1235 2083 describendum

224 2132 345 2187 annum,
369 2113 515 2188 quomodo
539 2113 607 2171 inde
630 2131 648 2171 a
671 2111 800 2171 Saturno
823 2131 918 2188 usque
941 2112 980 2172 ad
1002 2112 1161 2171 Romulum
1185 2111 1234 2172 ob·

223 2203 359 2262 servatus
387 2202 434 2261 sit.
479 2203 573 2277 utque
600 2201 735 2277 sequitur
757 2203 916 2261 Romulum
942 2201 1054 2276 Numa,
1082 2201 1124 2260 sio
1150 2219 1235 2277 prae-

225 2291 303 2350 eedit
326 2309 393 2348 eum
410 2290 536 2365 Aeneas,
560 2310 575 2348 e
599 2291 683 2350 ouius
706 2291 798 2366 stirpe
820 2289 881 2348 iam
903 2289 972 2348 inde
995 2308 1013 2348 a
1036 2290 1140 2365 prisois
1161 2293 1234 2349 tem·

224 2379 346 2455 poribus
360 2381 534 2457 generatum
547 2397 609 2439 esse
623 2379 706 2438 urbis
716 2379 898 2439 conditorem
908 2378 1098 2437 affirmabant
1107 2381 1234 2438 veteres:

225 2472 256 2528 et
279 2487 310 2527 re
333 2487 404 2526 vera
426 2468 545 2528 Aeneae
573 2469 638 2527 fata
665 2487 683 2526 a
705 2468 868 2527 Laurentio
891 2471 1013 2526 narrata
1035 2467 1126 2526 brisso
1149 2466 1234 2526 nobis

224 2557 361 2633 proditur
382 2557 571 2634 paragrapho
597 2558 647 2630 13,
671 2557 720 2615 eui
743 2575 808 2615 eam
832 2575 951 2632 quoque
975 2556 1098 2616 obrem
1121 2555 1234 2633 gratias

224 2665 277 2705 nos
300 2645 410 2704 referre
433 2665 562 2721 aequum
585 2648 638 2719 est,
662 2645 741 2721 quod
764 2644 848 2704 uobis
871 2645 1002 2704 servavit
1023 2644 1193 2722 vestigium,
1217 2663 1232 2702 e

226 2754 285 2811 quo
309 2734 482 2793 oonoludero
505 2734 603 2807 liceat,
631 2733 777 2809 quomodo
800 2751 844 2807 ea,
873 2751 950 2809 quae
974 2733 1124 2809 quondam
1151 2751 1235 2808 prae·

224 2825 384 2896 cesserunt,
406 2822 494 2882 hodie
512 2841 582 2882 vero
601 2840 711 2898 magna
729 2825 868 2898 exparte
886 2822 1004 2898 perdita
1022 2824 1101 2897 sunt,
1123 2820 1234 2880 fuerint

222 2911 377 2987 disposita.
413 2913 575 2987 postquam
593 2910 671 2969 euim
689 2911 808 2970 Aeneae
826 2909 961 2970 fabulam
979 2910 1117 2984 absolvit,
1135 2910 1235 2988 pergit

224 3003 328 3060 auotor
354 3001 470 3059 noster:
499 2998 647 3060 τοσούτων
675 2990 730 3059 οὖν
757 2996 994 3072 ἕπιξενωθέντων
1026 3007 1078 3076 τῆς
1102 2991 1234 3074 Ἰταλίας,

224 3090 301 3148 unde
324 3088 470 3164 sequitur,
497 3089 597 3165 priora
620 3089 719 3164 oapita
748 3088 818 3147 libri
844 3089 934 3166 primi
956 3089 1044 3164 plena
1072 3087 1163 3147 brisso
1190 3087 1234 3145 hi-

222 3178 383 3238 storiarum
412 3195 487 3253 quae
514 3180 683 3253 narrarent,
712 3179 859 3254 quomodo
888 3197 924 3236 ex
949 3177 1023 3236 Asia
1052 3179 1081 3236 et
1110 3175 1235 3235 Graecia

223 3267 355 3325 advenae
378 3284 469 3326 naves
492 3265 531 3324 ad
558 3285 625 3326 oras
647 3266 754 3325 Italiae
781 3266 972 3343 appulissent.
1018 3267 1108 3342 etque
1131 3265 1164 3324 in
1187 3265 1234 3323 his

224 3355 418 3414 Laurentium
444 3354 590 3429 imprimis
617 3354 649 3413 id
676 3355 770 3432 egisse
798 3357 916 3414 oonstat
943 3374 958 3412 e
985 3354 1136 3430 prooemio
1165 3353 1235 3411 libri

223 3444 260 3502 de
283 3443 508 3520 magistratibus
531 3444 698 3520 conseripti,
725 3445 760 3502 nt
782 3443 941 3502 memoriae
963 3443 1114 3518 proderet,
1145 3461 1233 3518 quae-

223 3551 292 3591 nam
316 3529 353 3590 ab
371 3532 417 3591 his
436 3532 558 3593 advenis
576 3533 698 3593 iuventa
717 3535 747 3590 et
765 3530 803 3590 ab
820 3531 968 3608 indigenis
986 3534 1105 3607 reoepta
1124 3533 1233 3590 esseut:

222 3621 275 3679 illo
299 3620 378 3678 enim
400 3620 474 3696 loeo,
502 3623 536 3680 ut
558 3621 619 3680 iem
642 3639 731 3696 supra
754 3621 931 3694 monuimus,
953 3621 1096 3679 Etruscos
1118 3620 1151 3678 in
1172 3619 1233 3677 Ita·
