2760 4234
363 264 472 320 LIBER
490 263 666 330 QUARTUS.
694 263 884 320 AUGUSTUS
1067 265 1127 328 151
1155 333 1156 336 ,

122 445 265 512 γουστον
295 424 331 492 δὲ
362 429 393 494 οί
418 426 569 512 Ῥωμαῖοι
598 428 680 492 κατὰ
708 428 769 511 τήν
796 430 936 514 πάτριον
966 431 1130 513 σημασίαν
1143 437 1224 492 XHS

123 540 260 601 καλοῦσι
287 537 347 602 τὸν
373 534 444 601 κατ’
468 537 590 602 οἰωνὸν
615 532 671 600 καὶ
697 542 790 601 θεῶν
816 538 1002 621 μαρτυρίαν
1029 557 1131 621 προα-

124 643 267 725 γόμενον
296 643 345 719 είς
372 645 551 726 βασιλείαν.
598 642 648 707 ὅτι
680 644 761 726 μετά
795 642 920 718 πολλάς
952 642 1031 718 ὅσας
1063 641 1166 725 &pl-S

125 764 202 825 στας
224 747 327 814 αὐτοῦ
354 747 487 834 πράξεις
514 749 532 815 ὁ
556 749 751 831 Αὔγουστος
777 749 837 813 τὸν
864 747 927 813 άπὸ
955 757 1012 831 τῆς
1039 772 1132 832 μετο-

123 864 269 940 πωρινῆς
304 856 472 941 ἰσημερίας
503 856 792 939 πεντεκαιδεκαετῆ
825 855 950 920 κύκλον
981 856 1133 938 εἰσήγαγε
1161 880 1173 920 τ

123 959 178 1026 καί
200 961 305 1050 τούτῳ
333 971 403 1038 τοῖς
430 967 677 1046 φιλοσοφοῦσιν
704 959 877 1046 ἑπόμενος,
905 961 941 1026 οῗ
965 978 1046 1046 φασι
1073 963 1134 1045 τήν

126 1069 319 1152 ἰσημερινήν
337 1069 428 1154 ὥραν
446 1068 645 1133 συνεστάναι
663 1067 699 1132 ἐκ
718 1066 893 1133 δεκαπέντε
910 1079 1046 1153 μοιρῶν.
1083 1067 1134 1132 ὅτι

125 1174 157 1238 οἱ
175 1173 326 1259 Ῥωμαῖοι
349 1175 547 1257 Αὔγουστον
569 1175 629 1239 τὸν
656 1183 745 1258 μῆνα
769 1174 946 1258 ὠνόμασαν
968 1175 1014 1250 είς
1036 1175 1134 1257 τιμήν

125 1290 184 1345 τοῦ
208 1280 407 1364 Αὐγούστου
429 1284 598 1366 Καίσαρος
621 1279 853 1356 ἀποθανόντος
879 1281 924 1356 ὥς
949 1295 1031 1363 φασι
1053 1282 1135 1344 κατὰ

125 1388 186 1470 τήν
208 1385 440 1470 ἑκκαιδεκάτην
461 1393 521 1451 τοῦ
544 1387 699 1451 τοιούτου
721 1388 832 1470 μηνός.
1149 1412 1175 1450 ιο

71 1503 194 1557 erII³9
221 1493 291 1556 112.
306 1491 377 1556 Ὅτι
398 1493 593 1574 Αὔγουστος
615 1493 675 1557 τὸν
692 1501 753 1557 τοῦ
776 1490 990 1576 Σοφοκλέους
1008 1496 1136 1556 Αίαυτα
1150 1502 1176 1554 Y

126 1600 174 1674 είς
200 1600 261 1683 τήν
287 1599 427 1684 πάτριον
455 1599 572 1683 φωνήν
598 1600 808 1684 μετήνεγκεν·
835 1593 906 1663 εἶτα
932 1597 1136 1682 ἀκμαζούσης

127 1704 319 1792 αύτῷ-μετά
347 1705 408 1788 τήν
434 1706 617 1791 πρακτικήν
643 1703 698 1770 καὶ
726 1714 783 1789 τῆς
811 1704 846 1770 ἐκ
874 1706 983 1787 λόγοιν
1010 1703 1136 1790 άρετῆς,

127 1811 171 1886 ὡς
194 1809 332 1889 ἀναξίαν
354 1811 390 1877 ἐκ
411 1815 601 1897 παραβολῆς
628 1813 711 1898 πρὸς
734 1809 911 1896 Σοφοκλέα
933 1812 994 1894 τήν
1017 1809 1137 1877 ἑαυτοῦ

127 1918 320 1999 διεγίνωσκε
346 1919 551 2006 τραγῳδίαν,
580 1918 705 2002 ταύτην
732 1917 910 2002 ἐξήλειψεν.
960 1912 1030 1983 εἶτα
1060 1916 1139 2003 ἐριο-
1153 1926 1203 1980 YS

127 2022 241 2107 τηθεὶς
271 2025 354 2110 πρὸς
385 2033 446 2089 τοῦ
475 2022 680 2109 Κικέρωνος,
712 2022 787 2109 παρ’
821 2015 847 2110 ᾧ
877 2025 958 2108 μετὰ
991 2025 1138 2107 σπουδῆς
1152 2050 1178 2089 ιο

130 2129 333 2195 ἐπαιδεύετο·
366 2129 448 2194 “ποῦ
479 2129 635 2214 τυγχάνει
667 2129 685 2195 ὁ
717 2130 806 2214 παρὰ
838 2138 900 2194 σοῦ
929 2132 1139 2215 γραφόμενος

130 2236 241 2314 Αίας;’
264 2235 400 2312 άστείως
422 2237 489 2320 ἅμα
510 2234 565 2301 καί
587 2246 753 2320 νουνεχῶς
772 2233 981 2321 ἀπεκρίνατο,
1005 2238 1138 2323 σπόγγῳ

128 2344 189 2408 τὸν
221 2340 341 2407 ἑαυτοῦ
372 2347 519 2426 Αίαντα,
549 2343 700 2427 καθάπερ
734 2343 858 2430 σιδήρφ
890 2343 950 2406 τὸν
981 2351 1041 2407 τοῦ
1073 2347 1139 2408 Σο-

129 2448 307 2534 φοκλέους,
341 2447 517 2515 ἐπιπεσεῖν.
571 2447 626 2513 καὶ
657 2449 800 2531 τοσαύτη
828 2471 878 2524 τις
915 2447 1005 2535 αὐτῷ
1037 2459 1180 2534 φρον-Υ

73 2589 78 2614 ι
130 2554 180 2632 τίς
205 2550 289 2621 οὖσα
316 2554 391 2642 περὶ
419 2558 540 2638 λόγους
567 2555 761 2640 ἐτύγχανεν,
789 2555 833 2631 ὡς
859 2556 1019 2640 άρχοντος
1046 2554 1141 2620 άπαι-
1155 2582 1180 2621 ιι

130 2663 251 2727 δεύτου
274 2663 398 2748 γράψαι
421 2664 503 2748 πρὸς
526 2661 629 2727 αὐτὸν
648 2663 811 2745 δημοσίαν
832 2662 1055 2744 τολμήσαντος
1073 2659 1142 2726 ἐπι-

131 2770 254 2852 στολήν
279 2768 384 2844 οὔτως
411 2768 648 2852 ἀγανακτῆσαι,
676 2768 721 2844 ὡς
747 2773 933 2854 παραλῦσαι
961 2773 1018 2852 τῆς
1041 2766 1143 2853 ἀρχῆς

202 2944 226 2980 v.
243 2931 257 2977 1
279 2924 306 2979 ολ
325 2924 403 2980 omia.
413 2925 490 2996 Hs!
506 2924 577 2980 κατὰ
587 2921 770 2994 -σημοισίαν
789 2923 866 2977 omis.
880 2923 919 2996 Sl
936 2920 1074 2993 σημασίαν
1092 2923 1143 2976 οὔ·

131 3005 187 3050 τῶν
204 2997 254 3050 τὸν
267 2996 302 3049 Η
370 3001 386 3050 2
406 2999 520 3050 καλοῦσι
534 2997 572 3065 Χ,
592 3013 661 3065 φασι
675 2995 703 3064 S,
722 2998 835 3049 καλοῦσι
853 2997 919 3064 post
935 2991 1077 3066 βασιλείαν
1094 3009 1143 3062 po-

133 3066 190 3120 suit
207 3067 241 3120 H
255 3068 259 3139 Ι
280 3065 351 3121 κατὰ
369 3068 404 3121 Η
419 3067 532 3137 (οἰωνὸν
550 3068 598 3122 καὶ
617 3065 706 3136 omis.)
726 3068 730 3135 Ι
751 3064 813 3120 κατ’
831 3065 933 3120 οἰωνὸν
951 3065 979 3134 S,
998 3061 1069 3119 καθ’
1086 3063 1143 3117 οἱο-

132 3146 202 3193 νοῦν
223 3139 265 3207 Α,
292 3141 447 3207 καθιεροῦν
469 3138 543 3210 A‚B
565 3139 569 3210 Ι
593 3142 671 3192 θεῶν
689 3138 729 3206 Α,
757 3141 827 3192 θεοῦ
847 3136 938 3191 BHS
953 3137 964 3207 Ι
990 3131 1144 3205 μαρτυρίαν

132 3210 169 3276 A,
187 3206 340 3278 μαρτυρίας
358 3210 425 3263 ΒΗ
427 3209 449 3264 S
463 3212 467 3280 Ι
482 3206 674 3280 προαγόμενος
686 3210 723 3277 A,
741 3206 951 3279 προσαγόμενον
965 3206 1032 3260 ΒΗ
1056 3223 1144 3273 προα-

133 3278 293 3352 γόμενονδ
380 3278 570 3352 3βασιλείαν]
594 3276 756 3350 μαρτυρίαν.
786 3281 838 3333 cet.
859 3278 915 3332 dee.
935 3277 966 3330 X
993 3278 997 3346 Ι
1026 3249 1146 3339 δσοιύτας

128 3351 163 3419 S,
182 3351 258 3419 quod
272 3350 378 3406 correxi
451 3358 482 3406 11
503 3349 545 3405 ότι
563 3350 714 3422 αῦγουοτος
728 3381 761 3390 -
776 3368 803 3419 p.
819 3353 904 3417 152st
924 3345 1103 3417 διαλέγεσθαι
1120 3348 1149 3402 Y

134 3425 247 3492 praeter
259 3422 290 3475 D
362 3427 395 3476 15
414 3419 456 3476 ότι
471 3422 486 3477 ὁ
501 3422 652 3492 αὔγουστος
665 3421 816 3491 ἐρωτηθεὶς
829 3418 907 3487 παρὰ
920 3427 970 3472 τοῦ
985 3450 1018 3459 -
1033 3424 1067 3472 20
1086 3418 1146 3472 ἐπι-

135 3503 230 3548 πεσεῖν
248 3492 271 3547 S
340 3499 372 3547 17
391 3492 526 3565 τυγχάνοι
543 3492 589 3563 Y!
609 3491 686 3560 παρὰ
705 3500 755 3546 σοῦ
774 3490 852 3545 omis.
872 3489 901 3543 Y
920 3491 923 3560 Ι
946 3491 1063 3561 γραφείς
1081 3489 1147 3553 νίας

128 3560 217 3633 ,λόγος
235 3563 257 3618 S
314 3570 347 3618 18
366 3563 432 3628 αίας
444 3564 531 3634 αότδν
545 3561 659 3626 ἀστείως
677 3563 722 3634 Y!
738 3558 949 3630 ἀποκρίνασθαι
968 3561 997 3614 Y
1056 3567 1088 3616 19
1108 3562 1146 3615 εί-

129 3635 198 3706 Ιτιδιν
216 3632 326 3706 σπόγγοι
345 3635 385 3706 Sl
402 3636 487 3690 αὑτοῦ
511 3635 544 3706 Y,
564 3633 663 3690 ἑαυτοῦ
682 3634 705 3689 S
775 3639 808 3686 22
827 3629 946 3703 δημοσία
967 3631 990 3688 0
