2788 4222
225 280 312 335 LVIII
626 278 831 334 PRAEFATIO

225 457 278 525 τῆς
299 447 461 526 γερουσίας,
485 443 557 526 ὑπὲρ
580 455 632 525 τῆς
658 456 744 525 τιμῆς
766 455 824 506 τῶν
846 443 923 506 νέων
944 448 1052 519 τεθείς·
1077 445 1235 527 ἰουνιῶρας

225 535 280 617 γὰρ
299 534 368 608 τοὺς
386 533 544 615 νεωτέρους
563 536 639 612 φασί
656 581 663 593 .
696 532 852 608 ἰούλιοςδὲ
867 533 991 596 ἀπὸτοῦ
1006 535 1119 596 λουλίου
1132 537 1235 596 καίσα-

226 647 287 705 ρος,
311 621 351 696 ὡς
373 616 436 684 κατ’
458 623 548 686 αὐτὸν
570 622 737 703 τεχθέντος,
764 623 904 704 πρότερον
933 621 964 684 δὲ
991 625 1137 698 κυντίλιος
1160 622 1235 686 ὠνο-

227 713 341 792 μάζετο,
368 711 496 773 τουτέστι
518 709 647 791 πέμπτος
670 711 728 774 άπὸ
750 722 803 791 τῆς
829 717 981 791 πολιτικῆς
1002 722 1055 774 τοῦ
1078 712 1160 786 ἔτους
1183 712 1235 796 ἆρ-

225 811 291 882 χῆς·
322 799 380 862 άπὸ
409 800 464 883 γὰρ
494 810 545 880 τῆς
576 801 721 880 ἷερατιυῆς
751 799 841 882 ἀρχῆς
870 799 935 881 ἤτοι
961 811 1019 862 τῶν
1047 802 1235 881 corianam

226 889 352 971 ’ἕβδομός
374 889 461 951 ἐστιν.
501 889 663 970 αθγουστος
687 887 794 968 ὁμοίως
817 888 876 951 ἀπὸ
900 891 1064 970 αὐγοάστον
1083 892 1234 972 καίσαρος·

225 979 367 1061 πρότερον
398 976 430 1039 δὲ
459 980 597 1052 σεξτίλιος
626 977 797 1059 ὠνομάζετο,
829 976 870 1052 ὡς
899 977 979 1053 ’ἕκτος
1009 977 1068 1040 ἀπὸ
1098 981 1234 1060 μαρτίου·

226 1068 442 1147 μετωνομάσθη
470 1065 501 1128 δὲ
532 1068 573 1141 εἰς
600 1067 687 1147 τιμὴν
714 1067 895 1148 αὐγοάστου,
927 1066 967 1140 ὡς
994 1069 1235 1143 καταπαύσαντος

225 1157 295 1230 τοὺς
317 1157 480 1236 ἐμφυλίους
503 1155 650 1235 πολέμους
676 1155 725 1217 καλ
749 1155 910 1236 ὁμονοῆσαι
932 1158 1044 1230 πάντας
1066 1158 1235 1231 πείσαντος·

224 1245 275 1308 ccl
301 1245 401 1324 ἐπειδὴ
431 1239 473 1328 (p.
495 1248 571 1322 150,
591 1239 626 1327 8)
646 1243 899 1326 -ὡμολόγησαν
928 1240 1144 1328 (p.150,15).
1189 1263 1235 1307 σε·

225 1333 383 1416 πτέμβριος
401 1331 433 1395 δὲ
452 1332 577 1414 ἕβδομος
595 1333 653 1395 ἀπὸ
672 1344 724 1394 τοῦ
743 1327 826 1414 ἦρος·
850 1332 955 1414 σέπτεμ
972 1334 1027 1416 γάρ
1044 1334 1080 1394 τὰ
1098 1333 1168 1396 ἑπτὰ
1186 1335 1237 1396 καλ

225 1422 278 1505 βὲρ
300 1423 333 1484 τὸ
360 1423 423 1505 ἔαρ·
448 1420 606 1504 ὀπτώβριος
630 1421 734 1504 ὄγδοος
757 1421 816 1484 άπὸ
839 1433 891 1484 τοῦ
914 1416 986 1504 ἦρος
1008 1423 1058 1484 καλ
1080 1423 1236 1506 νοὲμβριος

224 1511 273 1575 καὶ
297 1509 465 1593 δεκέμβριος
489 1510 604 1591 ὁμοίως.

292 1602 424 1662 videmus
447 1603 554 1681 igitur,
579 1603 742 1662 Maximum
765 1605 903 1679 perarate
930 1604 995 1662 toto
1018 1603 1167 1662 volumine
1190 1622 1236 1662 re-

225 1691 314 1750 diisse
337 1692 376 1749 ad
398 1692 517 1750 inItium
539 1691 608 1750 libri
633 1692 732 1766 quarti
755 1696 786 1750 et
808 1710 912 1750 causas
934 1690 1087 1750 nominum
1110 1691 1235 1768 siugulis

224 1780 373 1839 mensibus
400 1781 563 1840 inditorum
589 1780 621 1838 in
647 1780 705 1838 fine
734 1780 915 1839 collectionis
942 1779 1087 1855 posuisse:
1116 1784 1146 1840 et
1173 1781 1235 1839 eius

225 1888 343 1945 quoque
367 1869 583 1928 dissertatIonis
606 1869 769 1945 particulas
798 1867 836 1926 ad
859 1887 943 1928 suam
967 1888 1113 1944 quamque
1137 1869 1236 1928 sedem

224 1976 362 2016 revocare
390 1977 455 2016 sum
483 1961 605 2018 conatus
634 1951 694 2037 (ed.
717 1977 744 2032 p.
766 1960 820 2032 63,
841 1961 859 2016 3
879 1977 947 2033 app.
976 1959 1032 2031 83,
1052 1961 1070 2016 2
1091 1977 1158 2033 app.
1184 1960 1235 2032 91,

227 2049 267 2105 16
288 2065 355 2122 app.
382 2048 454 2119 118,
475 2049 492 2104 9
514 2065 581 2122 app.
609 2048 823 2122 127,15app.
855 2048 927 2120 136,
949 2049 989 2104 14
1008 2066 1075 2122 app.
1106 2048 1234 2120 141,13

225 2155 293 2212 app.
320 2137 526 2211 149,19app.
554 2136 626 2208 150,
641 2136 748 2193 8-15
776 2136 848 2208 158,
865 2137 904 2194 16
916 2153 984 2211 app.
1006 2137 1078 2209 159,
1090 2128 1199 2214 2-4).

291 2225 391 2300 Atque
420 2223 493 2282 haec
523 2224 642 2299 quidem
671 2225 814 2282 hactenus
844 2225 879 2283 de
908 2224 1078 2283 recensione
1105 2224 1235 2282 Lauren-

224 2314 301 2373 tiani
322 2313 392 2371 libri
416 2332 434 2371 u
456 2313 586 2372 Maximo
608 2313 742 2371 Planude
765 2313 904 2372 instituta
932 2313 1026 2388 deque
1052 2313 1133 2371 illius
1157 2313 1235 2371 codi-

226 2403 320 2478 cibus,
344 2402 518 2478 priusquam
540 2405 641 2460 autem
663 2401 800 2477 princeps
818 2401 851 2459 in
868 2402 965 2460 lucem
982 2401 1116 2477 prodiret
1134 2401 1234 2477 editio,

226 2491 271 2550 usi
303 2510 338 2550 ea
370 2493 439 2550 suut
469 2524 510 2531 —
541 2494 645 2566 atque,
677 2493 711 2548 ut
742 2491 852 2549 Husius
884 2490 1099 2549 demonstravit
1131 2509 1235 2548 comm.

224 2601 253 2656 p.
272 2579 337 2653 XL,
364 2579 430 2655 ipso
458 2580 557 2639 codice
580 2581 603 2638 F
629 2612 670 2619 —
693 2579 849 2654 BoivinuS,
878 2599 945 2638 cum
971 2582 1057 2638 notas
1086 2579 1125 2638 ed
1149 2579 1235 2637 Nice·

224 2669 351 2744 phorum
372 2667 534 2744 Gregoram
556 2668 588 2726 iu
611 2668 739 2726 editione
758 2667 895 2726 Parisiua
918 2668 989 2726 anni
1009 2670 1094 2727 1702
1117 2668 1235 2743 adsper-

224 2775 272 2815 sas
296 2757 423 2815 oraculis
442 2756 609 2815 Chaldaicis
629 2749 687 2838 (ed.
707 2777 734 2832 p.
756 2749 928 2838 26,16ο1.)
948 2759 1076 2831 ornaret,
1100 2759 1130 2814 et
1148 2754 1236 2815 Olau-

225 2845 290 2904 dius
315 2844 492 2920 Salmasius,
520 2846 573 2921 qui
600 2846 760 2904 secuudum
782 2845 899 2920 Lydum
923 2838 966 2926 (p.
988 2848 1021 2919 2,
1041 2847 1158 2919 24-3,
1179 2836 1235 2925 12)

224 2933 261 2993 de
283 2933 378 2993 tribus
401 2935 487 3011 Eryli
511 2934 617 2992 animis
641 2934 736 3008 deque
760 2933 854 2992 tribus
880 2933 996 2993 animae
1019 2934 1154 3010 partibus
1179 2934 1236 2992 dis·

224 3023 317 3082 seruit
339 3023 371 3081 in
393 3024 472 3083 uotis
496 3026 526 3082 et
549 3022 852 3082 animadversionibus
872 3023 904 3081 in
922 3023 1093 3098 Epictetum
1112 3026 1142 3082 et
1161 3022 1236 3080 Sim-

224 3112 356 3189 plicium,
378 3112 472 3190 Lugd.
495 3112 563 3171 Bat.
589 3113 683 3185 1640,
706 3132 734 3187 p.
756 3112 832 3187 255;
858 3112 995 3187 idemque
1020 3111 1181 3170 Salmasius
1205 3112 1236 3169 in

225 3201 371 3260 Plinianis
404 3201 663 3260 exercitationibus
695 3201 727 3258 iu
758 3199 788 3260 0.
818 3200 889 3258 Iulii
919 3199 1014 3259 Soliui
1045 3200 1237 3276 Polyhistora

224 3283 370 3371 (Traiecti
393 3291 432 3348 ad
454 3290 589 3348 Rhenum
615 3281 715 3369 1689)
744 3289 943 3365 compluribus
971 3289 1043 3349 locis
1072 3289 1238 3349 doctrinam

223 3380 338 3455 profert
360 3378 540 3455 Lydiauam:

291 3488 319 3544 p.
343 3461 452 3528 14bO:
479 3468 632 3527 Ioannes
660 3466 778 3542 Lydus
807 3467 847 3525 de
876 3467 1121 3525 deminutione
1150 3466 1237 3525 Feb·

477 3557 594 3615 ruarii
623 3555 753 3614 mensis
781 3553 833 3614 τὸν
862 3555 1067 3636 Φεβρουάριον
1091 3588 1133 3596 -
1156 3562 1237 3633 τιμᾶ·

479 3650 551 3705 σθαι
574 3646 618 3704 ed.
641 3665 670 3720 p.
689 3646 740 3720 48,
761 3646 855 3704 6-9.
