2788 4222
564 309 769 365 PRAEFATIO
1012 361 1013 364 ,
1069 308 1167 363 LXXV

160 483 236 542 nulli
260 483 340 540 certo
362 479 495 538 adtribui
517 481 641 555 possunt
663 477 749 550 libro,
772 478 829 538 nisi
848 477 924 536 forte
942 478 974 536 in
994 477 1170 554 quibusdam

161 573 257 630 oritur
279 569 420 645 suspicio,
448 587 482 626 ea
507 587 622 643 quoque
645 571 768 643 propter
789 567 990 625 Romanorum
1011 585 1107 626 mores
1130 568 1170 626 ab

160 661 235 736 ipsis
257 659 419 733 descriptos
444 675 459 716 e
481 659 577 732 primo
604 657 681 714 libro
708 656 816 715 hausta
841 673 912 715 esse.
956 656 1071 714 accedit
1093 657 1169 716 eius-

161 749 229 807 dem
251 747 367 825 generis
391 747 530 805 octavum
551 745 751 846 fragmentum
774 744 918 804 scholium
941 745 1089 820 quoddam
1112 743 1169 803 Ve-

160 840 264 896 natum
285 834 403 908 Iliadis,
432 834 512 910 quod
539 852 591 893 suo
618 835 682 892 iure
709 833 785 892 libro
813 834 849 892 de
875 834 1026 892 mensibus
1053 834 1171 892 videtur

158 925 299 984 tribuisse
324 923 354 984 0.
377 879 411 982 Β.
435 923 555 998 Hastae,
579 941 681 981 comm.
704 941 732 998 p.
751 922 855 980 XXIX.

229 1013 317 1072 Sed
309 1032 341 1071 m
360 1012 568 1088 componendis
591 1011 659 1070 libri
678 1009 806 1086 Lydiani
829 1011 1002 1089 fragmentis
1022 1011 1078 1069 hoc
1098 1029 1226 1100 q¹²⁰a1
1183 1007 1220 1046 ²¹²
1194 1017 1289 1056 ¹²⁸¹m
1260 1009 1314 1100 ²¹¹²²

160 1123 219 1179 que
244 1105 308 1160 erat
331 1100 560 1173 observandum,
586 1119 623 1157 ne
650 1100 726 1158 falso
756 1100 902 1176 quaedam
928 1099 975 1157 illi
1001 1100 1146 1158 tributa
1137 1120 1169 1158 m
1204 1062 1307 1154 affin.

159 1191 322 1250 editionem
334 1191 549 1266 reciperentur.
573 1207 664 1264 quare
678 1206 714 1246 ea
731 1207 807 1264 quae
826 1191 963 1263 suspecta
981 1187 1054 1246 mihi
1073 1191 1171 1248 essent

160 1280 330 1356 fragmenta
361 1298 389 1354 p.
411 1278 585 1339 181-184
615 1277 753 1336 editionis
786 1278 913 1353 seposui.
966 1295 1092 1352 quoram
1121 1297 1170 1336 ex-

159 1372 330 1444 cerptorum
353 1367 388 1426 de
411 1365 539 1426 secundo
563 1369 593 1426 et
614 1366 704 1424 tertio
727 1365 788 1424 dixi
808 1366 957 1442 quondam
976 1366 1170 1442 ephemeridis

160 1457 346 1532 Byzantinae
369 1459 451 1514 tomo
473 1455 502 1512 V
524 1475 552 1531 p.
572 1456 650 1529 412,
677 1453 728 1513 ubi
752 1472 786 1512 ea
811 1454 959 1513 translata
981 1455 1013 1512 in
1035 1455 1171 1514 codicum

158 1545 346 1604 recensiones
367 1544 427 1603 ΧΥ
456 1543 558 1602 monui
588 1562 623 1602 ex
651 1543 738 1600 initio
767 1543 837 1602 libri
866 1543 902 1601 de
932 1544 1055 1602 ostentis
1082 1543 1170 1602 hodie

159 1633 320 1709 deperditi3
343 1651 438 1708 neque
460 1650 530 1691 vero
548 1632 688 1708 primum,
710 1631 790 1706 quod
809 1631 940 1690 eiusdem
962 1649 1025 1690 esse
1048 1633 1170 1708 originis

159 1725 256 1800 patet,
284 1721 387 1780 eodem
408 1721 541 1798 relegare
568 1719 655 1778 hodie
678 1718 796 1796 dubit03
822 1719 848 1780 si
870 1721 932 1778 iam
955 1740 990 1779 ex
1016 1738 1062 1794 eo,
1091 1720 1171 1795 quod

162 1812 195 1870 in
219 1812 378 1886 utrumque
406 1809 539 1868 codicum
566 1827 657 1888 genus
684 1810 838 1885 receptum
865 1811 910 1870 est
936 1809 1060 1868 tertium
1086 1807 1171 1884 illud,

159 1899 335 1960 concludere
362 1899 421 1973 vis,
449 1899 487 1956 ad
513 1918 606 1956 unum
633 1897 827 1974 archetypum
853 1897 949 1956 redire
971 1897 999 1955 X
1024 1899 1054 1956 et
1076 1898 1112 1973 Y,
1138 1899 1171 1956 in

161 2008 223 2066 quo
249 1988 358 2048 librum
385 1988 421 2045 de
450 1987 599 2046 mensibus
630 1985 864 2062 subsequebatur
881 1985 1012 2047 initium
1038 1986 1107 2045 libri
1135 1985 1171 2044 de

160 2077 287 2138 ostentis
302 2095 319 2134 a
337 2075 459 2152 reliquis
478 2077 620 2151 avolsum,
639 2075 715 2133 nihil
731 2075 827 2136 habeo
847 2075 925 2151 quod
944 2077 1047 2134 contra
1066 2075 1171 2134 dicam.

161 2167 363 2244 fragmentum
386 2165 538 2241 quartum,
567 2182 624 2240 quo
652 2164 689 2222 de
711 2167 820 2223 natura
841 2163 975 2224 fulminis
999 2163 1112 2242 agitur,
1139 2163 1172 2220 in

160 2255 226 2314 solo
250 2254 348 2313 codice
371 2253 533 2312 Barberino
557 2255 626 2312 ante
648 2253 873 2328 inscriptionem
897 2249 928 2310 ἐκ
952 2259 1010 2311 τῶν
1030 2245 1170 2311 Ἰωάννου

162 2351 214 2402 τοῦ
235 2337 440 2418 Φιλαδελφέως
461 2341 521 2418 legi
545 2359 670 2418 eamque
693 2340 730 2399 ob
753 2361 816 2399 rem
837 2341 875 2398 ad
893 2339 1011 2417 Lydum
1027 2359 1087 2398 non
1105 2359 1171 2415 per·

160 2433 257 2490 tinere
284 2449 373 2507 supra
400 2431 678 2503 demonstravimus;
710 2447 806 2505 pauca
836 2431 936 2487 autem
965 2429 1001 2486 de
1032 2447 1066 2486 ea
1095 2445 1172 2504 quae

160 2521 297 2596 sequitur
319 2519 507 2596 paragrapho
531 2519 637 2594 quinta
660 2521 731 2578 sunt
750 2517 883 2592 dicenda,
906 2536 996 2592 quam
1013 2517 1045 2575 in
1064 2516 1171 2576 codici-

161 2609 217 2668 bus
240 2609 418 2668 recensionis
440 2607 620 2682 Planudeae,
645 2607 697 2666 sed
718 2607 807 2684 longe
831 2607 891 2664 alia
914 2607 981 2666 sede
1003 2625 1093 2681 quam
1112 2625 1172 2682 qua

160 2698 277 2774 reliqua
307 2696 443 2773 Lydiana
471 2697 612 2773 leguntur
640 2695 821 2772 fragmenta,
853 2696 925 2754 olim
953 2696 1107 2754 inventam
1133 2695 1172 2754 H.

162 2787 312 2863 Hauptius
335 2785 464 2844 Hermae
486 2785 544 2844 vol.
562 2783 634 2842 XIV
658 2785 741 2844 1879
766 2804 795 2860 p.
815 2785 877 2844 296
902 2783 980 2860 Lydi
1005 2784 1082 2843 libro
1106 2781 1171 2864 περὶ

161 2883 266 2952 μηνῶν
288 2873 406 2948 tribuit,
435 2874 576 2950 quoniam
598 2873 630 2931 in
653 2873 791 2932 Salmmii
813 2872 958 2933 Plinianis
986 2874 1171 2933 exercitatio-

160 2963 250 3022 nibus
272 2954 415 3039 p.,14²0
438 2962 548 3040 legitur
569 2963 670 3021 iuncta
693 2982 761 3021 cum
777 2962 945 3039 fragmento
965 2964 1095 3038 quodam
1112 2961 1171 3038 Ly-

162 3053 252 3111 diano
276 3044 334 3131 (ed.
353 3071 381 3126 p.
397 3053 449 3125 48,
464 3053 481 3109 6
494 3047 570 3128 sqq.)
594 3051 731 3126 sapitque
749 3051 883 3126 Hauptio
902 3051 998 3109 iudice
1017 3050 1172 3109 Laurentii

160 3142 194 3200 in
217 3140 397 3216 explicandis
420 3140 621 3198 Romanorum
643 3138 810 3198 nominihus
834 3140 1083 3199 consuetudinem.
1120 3137 1173 3196 sed

163 3229 326 3302 Salmasius
355 3231 390 3288 ut
418 3229 554 3306 iungeret
580 3226 656 3286 haec
680 3228 847 3305 fragmenta
877 3227 1021 3286 adductus
1053 3229 1099 3285 est
1128 3243 1172 3300 eo,

161 3317 243 3393 quod
274 3320 432 3393 utrumque
459 3319 491 3375 in
523 3315 622 3375 codice
648 3317 673 3374 F
703 3317 826 3391 invenit,
859 3319 889 3374 et
915 3316 1029 3392 Lydus,
1061 3314 1172 3374 multas

159 3407 363 3484 pessimaeque
386 3425 481 3483 nugas
507 3405 578 3464 licet
601 3405 750 3478 exhibeat,
778 3408 810 3463 at
832 3405 909 3464 tales
936 3421 1083 3479 nusquam
1104 3422 1172 3479 pro·

162 3495 243 3569 tulit,
274 3494 376 3571 quales
398 3495 455 3554 hae
478 3497 547 3554 sunt
570 3493 606 3552 de
628 3492 789 3552 Februario
817 3493 975 3552 dictatore:
1004 3510 1082 3568 quae
1105 3509 1173 3551 cum

160 3585 284 3642 minime
316 3585 503 3642 consentiant
534 3602 601 3641 cum
631 3583 682 3657 iia,
720 3581 825 3658 quibus
857 3580 1034 3642 Laurentius
1067 3600 1173 3642 causas

161 3672 316 3730 Februarii
338 3673 465 3732 nominis
489 3672 618 3747 exponit,
642 3670 679 3730 ab
701 3671 754 3729 illo
777 3669 956 3729 removenda
979 3689 1041 3731 esse
1060 3689 1173 3731 censeo.
