2760 4234
406 295 515 350 LIBER
533 295 709 360 QUARTUS.
738 295 878 350 APRILIS
1087 294 1149 359 125

135 461 315 545 ἀναλαβών
333 497 375 506 -
395 463 531 525 λίτουον
549 457 579 524 δ’
602 459 707 543 αὐτὴν
724 462 869 545 πατρίως
883 458 1052 542 Ῥωμαίοις
1069 460 1149 534 ἔθος
1163 468 1189 521 Χ

136 573 252 633 καλεῖν
284 565 348 632 άπὸ
379 576 437 650 τῆς
468 570 625 650 λιτῆς-
649 564 834 649 ε’ξεφώνησε
866 566 903 630 τὸ
935 574 993 648 τῆς
1024 567 1150 640 πόλεως

139 675 256 758 ὄνομα,
278 674 385 757 πάσης
408 673 572 758 ἱερατικῆς
594 677 724 756 τελετῆς
746 671 960 756 ἡγησάμενος.
1006 671 1150 754 ὀνόματα

140 777 178 848 δὸ
196 789 235 865 τῇ
254 781 348 845 πόλει
366 782 452 864 τρία,
472 779 660 844 τελεστικὸν
679 779 843 864 ἱερατικὸν
861 779 1046 844 πολιτικόν·
1064 781 1150 842 τελε-

138 887 254 952 στικὸν
275 881 337 970 μὸν
355 884 458 950 οἱονεὶ
472 883 590 971 Ἔρως,
613 886 697 950 ὥστε
714 885 839 961 πάντας
857 887 954 970 ἔρωτι
972 887 1055 970 θείω
1074 881 1149 969 περὶ
1178 910 1190 948 ε

139 994 201 1076 τὴν
216 995 317 1058 πόλιν
333 990 540 1077 κατέχεσθαι,
563 993 616 1058 διὸ
635 990 690 1057 καὶ
704 989 928 1078 Ἀμαρνλλίδα
945 992 1006 1074 τὴν
1019 989 1150 1056 πόλινὸ

137 1101 277 1183 ποιητὴς
307 1100 556 1183 αἰνιγματωδῶς
587 1099 812 1182 βουκολιάζων
843 1103 949 1163 καλεῖ·
988 1096 1152 1182 ἱερατικὸν

138 1201 178 1270 δὶ
203 1209 326 1288 Φλῶρα
353 1203 456 1271 οἱονεὶ
484 1207 653 1289 άνθουσα,
680 1205 764 1271 ὅθεν
785 1207 867 1270 κατά
895 1205 1019 1288 ταύτην
1041 1203 1061 1286 ἡ
1085 1213 1152 1267 τῶν

132 1310 381 1397 Ἀνθεστηρίων
404 1310 513 1395 ἑορτή·
541 1312 714 1377 πολιτικὸν
737 1307 774 1377 δὸ
793 1310 905 1396 Ῥῶμα.
950 1309 1004 1376 καὶ
1030 1311 1067 1374 τὸ
1091 1305 1152 1393 μὲν

142 1419 307 1503 ἱερατικὸν
328 1426 431 1482 πᾶσιν
452 1413 495 1500 ἦν
518 1419 622 1500 δῆλον
643 1414 698 1482 ααὶ
722 1417 826 1494 ἀδεῶς
850 1415 1030 1502 ἐξεφέρετο,
1053 1416 1089 1480 τὸ
1112 1410 1149 1480 δὲ
1164 1441 1190 1480 ιο

139 1525 328 1589 τελεστικὸν
357 1525 472 1606 μόνοις
501 1534 570 1600 τοῖς
601 1523 812 1609 ἀρχιερεῦσιν
844 1521 973 1605 ἐξάγειν
1003 1520 1056 1587 ἐπὶ
1085 1534 1153 1587 τῶν

144 1631 242 1715 ἱερῶν
270 1627 498 1714 ἐπετέτραπτο·
524 1627 579 1694 καὶ
609 1632 721 1713 λόγος,
747 1631 866 1706 ποινάς
893 1630 1053 1713 ὑποσχεῖν
1077 1651 1153 1692 τινα

140 1747 210 1800 τῶν
232 1734 269 1800 ἐν
291 1735 375 1801 τέλει
398 1734 492 1820 ποτέ,
520 1735 597 1802 ἀνθ’
620 1731 669 1802 ὧν
695 1735 749 1802 ἐπὶ
776 1746 837 1802 τοῦ
858 1738 1012 1819 πληθους
1038 1736 1075 1800 τὸ
1103 1758 1152 1800 τε-

142 1843 295 1907 λεστικὸν
330 1844 436 1928 ὄνομα
471 1851 529 1926 τῆς
569 1845 695 1919 πόλεως
733 1842 929 1928 ἀναφανδὸν
966 1842 1153 1928 ἐθάρρησεν

143 1947 291 2027 ἐξειπεῖν.
335 1950 416 2032 μετὰ
439 1944 476 2014 δὲ
499 1937 559 2032 τὴν
583 1946 636 2013 ἐπὶ
658 1957 698 2035 τῇ
716 1948 932 2035 άναγορεύσει
952 1958 1009 2033 τῆς
1027 1951 1152 2024 πόλεως
1167 1972 1192 2012 ιε

142 2056 277 2139 τελετὴν
308 2053 419 2134 ζεύξας
451 2063 576 2139 ταῦρον
608 2057 688 2140 μετὰ
720 2056 890 2142 δαμάλεως
922 2060 1084 2141 περιῆλθε
1118 2056 1152 2119 τὸ

143 2170 263 2245 τεῖχος,
290 2155 433 2244 τὸνμὲν
460 2161 584 2245 άρρενα
606 2159 659 2226 ἐπὶ
686 2162 748 2245 τὴν
774 2171 834 2228 τοῦ
860 2164 980 2228 πεδίου
1006 2163 1155 2248 πλευράν

144 2266 266 2349 ζεύξας,
289 2266 350 2349 τὴν
373 2261 410 2330 δὲ
427 2268 569 2350 θήλειαν
588 2265 641 2332 ἐπὶ
659 2267 696 2332 τὸ
719 2276 776 2351 τῆς
794 2271 919 2344 πόλεως
938 2268 1047 2354 μέρος,
1071 2268 1154 2332 ὥστε

144 2375 223 2449 τοὺς
246 2369 307 2457 μὸν
330 2373 471 2458 ἄρρενας
493 2382 562 2449 τοῖς
584 2372 644 2452 ἐξω
667 2377 821 2456 γίνεσθαι
841 2376 1019 2459 φοβερούς,
1041 2376 1099 2450 τάς
1118 2370 1155 2438 δέ

143 2483 283 2562 θηλείας
299 2489 370 2554 τοῖς
388 2478 488 2543 ἔνδον
505 2481 677 2563 γονίμους·
700 2476 755 2543 καὶ
774 2480 887 2562 λαβὼν
904 2482 1016 2563 βῶλον
1035 2479 1069 2546 ἐκ
1087 2492 1155 2545 τῶν
1169 2506 1195 2546 εο

145 2584 205 2664 ἔξω
230 2595 287 2669 τῆς
309 2587 436 2660 πόλεως
458 2595 568 2671 μερῶν
591 2586 655 2649 σὺν
676 2582 732 2648 καὶ
754 2595 826 2660 ταῖς
850 2585 933 2670 πρὸς
956 2595 1023 2650 τῶν
1045 2587 1156 2651 ἄλλων

145 2689 427 2776 ἐπικομιζομέναις
449 2688 502 2755 ἐπὸ
524 2691 587 2773 την
608 2693 708 2756 πόλιν
729 2689 892 2775 ηκόντιζε,
921 2692 1022 2778 ταύτη
1046 2694 1155 2758 οἰωνι-

37 2811 39 2817 ’
145 2799 296 2882 σάμενος,
324 2797 525 2872 διαπαντὸς
548 2795 653 2881 αὐτὴν
680 2796 715 2862 ἐκ
737 2805 796 2881 τῆς
818 2809 885 2862 τῶν
909 2795 1034 2876 ἔξωθεν
1058 2797 1156 2864 ἐπαυ-

146 2905 288 2990 ξηθῆναι
311 2904 509 2987 συνδόσεως,
531 2902 586 2968 καὶ
609 2901 677 2988 μετ’
701 2905 806 2986 ὀλίγα.
845 2910 979 2970 πολλῶν
997 2900 1034 2969 δὶ
1053 2903 1156 2982 ξένων

146 3013 382 3077 συνελθόντων
405 3008 441 3074 ἐν
469 3009 566 3096 αὐτῇ,
594 3011 627 3076 οἱ
653 3020 714 3077 τοῦ
736 3010 904 3095 Ῥωμύλου
933 3012 1069 3093 λογάδες
1096 3011 1157 3094 τὴν
1170 3036 1196 3076 τε

146 3117 300 3202 ἡμίσειαν
322 3125 379 3200 τῆς
403 3114 529 3181 ἑαυτῶν
551 3120 692 3201 κτήσεως
714 3129 784 3194 τοῖς
807 3117 945 3201 ἐπηλυσι
968 3118 1156 3202 παρεχώρη-

147 3241 221 3307 σαν,
245 3225 375 3307 οἰκῆσαι
397 3224 457 3306 την
471 3222 597 3307 Ῥώμην
619 3223 740 3301 αὐτοὺς
762 3227 946 3302 πείσαντες·
969 3222 1028 3300 οὓς
1051 3222 1158 3289 ὸῬω-

218 3398 242 3435 v.
258 3386 273 3433 6
293 3380 308 3434 ὁ
326 3377 443 3448 ποιητής
461 3378 495 3434 cf.
516 3379 590 3435 Serv.
609 3379 692 3450 Verg.
711 3380 769 3436 Ecl.
789 3381 802 3434 I
821 3386 855 3434 30

219 3541 243 3577 v.
257 3529 275 3578 4
291 3529 331 3592 πῆ
351 3518 430 3576 πόλει
447 3521 475 3575 A
546 3527 563 3576 8
583 3519 625 3576 ὅτι
647 3525 744 3590 φλῶρα
766 3521 844 3590 παρὰ
867 3517 1000 3591 δωματίοις
1021 3521 1056 3576 τὸ
1079 3522 1156 3594 άνθη

149 3597 202 3649 oet.
222 3593 315 3720 (Ξυσδ
368 3599 400 3646 13
419 3591 498 3664 ποτὲ]
516 3592 617 3646 τούτου
635 3593 663 3646 Β
716 3598 751 3646 20
768 3601 827 3654 τοῖς
845 3591 922 3646 omis.
939 3593 967 3647 B
1021 3599 1055 3647 22
1073 3593 1157 3664 ἠκόν-

148 3682 204 3719 τιοε
