2760 4234
424 258 532 313 LIBER
550 257 724 324 QUARTUS.
752 259 864 314 MAIUS
1084 259 1146 324 135

141 423 257 497 τώύεις
282 421 449 506 τοκετοάς,
477 421 495 486 6
523 419 560 486 δὲ
583 421 804 508 Ἐμπεδοκλῆς
831 421 935 506 αὐτὴν
961 431 1022 488 τοῦ
1048 423 1180 487 πνεόῦ

142 552 242 611 ματος
264 528 324 610 την
347 529 494 605 ἔλλειψιν
516 527 537 611 ἢ
559 528 748 614 ὑπερβολὴν
771 530 919 594 αλτιῦται.

88 644 212 698 deesth
235 632 285 697 85.
309 631 379 698 Ὅτι
402 632 599 718 6’1165'6003‘
625 639 764 701 Μοῦσαί
784 637 858 719 εἰσι,
887 638 1000 720 φησίν,
1023 637 1057 699 αἱ
1079 647 1147 701 τῶν

142 751 293 825 σφαιρῶν
319 743 436 824 φυγαί,
469 743 506 805 αἳ
532 743 589 817 τάς
616 753 683 806 τῶν
709 741 796 806 ὅλοιν
826 742 1001 824 ὐυνάμεών
1029 764 1064 805 τε
1091 739 1146 806 καὶ

141 845 266 911 οὐσιῶν
289 845 453 932 ἐνεργείας
482 847 560 924 ὅσας
587 849 634 924 εἰς
660 848 697 912 τὸ
724 857 791 912 πάν
818 847 957 931 ἀφιᾶσιν
984 847 1067 931 όμοῦ
1090 845 1145 912 καὶ
1172 874 1185 914 ε

141 953 188 1028 εἰς
211 955 290 1037 μιάν
313 954 495 1035 συνάγουσι
519 957 716 1038 συμφωνίαν
734 955 794 1038 την
816 955 881 1019 ὐπὸ
905 963 964 1019 τοῦ
989 955 1146 1041 δημιουρ-

66 1143 68 1148 ,
139 1067 203 1140 γοῦ
225 1057 432 1143 τεταγμένην.

87 1173 205 1228 RrIV54
225 1165 275 1228 86.
291 1162 470 1250 Ἥφαιστοι
484 1165 650 1251 τέσσαρες
668 1177 797 1251 πρῶτος
808 1165 963 1252 Οὐρανοῦ
981 1163 1036 1230 καὶ
1050 1165 1147 1250 Ἡμέ-
1160 1176 1186 1230 X

141 1294 210 1356 ρας,
228 1272 335 1357 πατὴρ
350 1269 557 1348 ’Λπόλλωνος
575 1281 635 1337 τοῦ
649 1271 836 1356 Ἀθηναίων
855 1270 1049 1357 ἀρχηγέτου·
1071 1271 1145 1335 δεύ-

140 1399 234 1461 τερος
255 1381 382 1442 Νείλου
403 1388 490 1460 παῖς,
514 1376 555 1442 ὃν
576 1377 756 1460 Αἰγύπτιοι
778 1382 916 1443 καλοῦσι
941 1378 1054 1442 Φθάν·
1076 1379 1145 1462 τρί-
1159 1404 1185 1443 10

140 1505 196 1559 τος
228 1482 245 1547 6
277 1485 414 1565 Κρόνου
444 1481 498 1547 καὶ
523 1481 629 1568 Ἥρας
660 1483 678 1548 6
711 1485 873 1568 Λήμνιος,
905 1483 923 1548 6
954 1485 1144 1567 χαλκευτής·

140 1586 293 1674 τέταρτος
312 1585 496 1673 Ἥφαιστος
524 1589 541 1654 6
569 1593 729 1666 Μαντοῦς
756 1589 774 1656 6
801 1591 1017 1674 Σικελιώτης,
1044 1588 1077 1668 ἐξ
1105 1584 1145 1654 οὐ

136 1692 371 1778 Ἡφαιστιάύες
384 1696 419 1759 αλ
436 1702 541 1779 νῆσοι.
578 1696 628 1761 ότι
647 1695 664 1761 6
680 1694 876 1780 Ἥφαιστος,
899 1697 943 1772 ὥς
961 1713 1042 1781 φησι
1056 1701 1148 1761 Νου-
1161 1705 1213 1761 XS

140 1804 270 1884 μήνιος,
301 1803 442 1885 γόνιμον
467 1811 535 1888 πῦρ
564 1802 667 1885 ἐστιν,
699 1802 720 1886 ἡ
751 1811 812 1867 τοῦ
842 1801 939 1886 ηλίου
967 1803 1145 1886 ζωογονικη

139 1908 317 1992 θερμότης·
345 1908 399 1972 όιὸ
427 1909 467 1991 δὴ
495 1905 550 1973 καὶ
577 1910 685 1992 χωλὸν
711 1918 846 1974 ποιοῦσι
872 1910 932 1974 τὸν
948 1907 1146 1993 Ἥφαιστον,
1160 1934 1185 1976 15

140 2011 216 2078 καθ’
240 2013 257 2078 6
281 2015 415 2097 χαλεύει
440 2021 508 2080 καθ
541 2012 661 2097 ἑαυτὴν
682 2014 703 2098 ἡ
726 2025 786 2080 τοῦ
807 2016 912 2102 πυρὸς
932 2017 1043 2100 φύσις,
1066 2015 1146 2081 ὅταν

140 2121 184 2205 μὴ
212 2123 466 2206 συγκεκρότηται
494 2132 563 2197 τοῖς
590 2123 710 2198 ἄλλοις.
760 2121 778 2188 6
806 2117 844 2186 δὲ
869 2124 958 2208 παρὰ
977 2121 1146 2208 Ῥωμαίοις

140 2223 279 2309 Κίγκιος
302 2225 404 2310 λέγει,
431 2228 539 2310 χωλὸν
563 2229 607 2292 τὼ
630 2230 712 2293 πόθε
739 2229 798 2293 τὸν
812 2226 1000 2312 Ἥφαιστον
1021 2229 1146 2312 λαμβά-

140 2339 260 2398 νεσθαι
283 2333 340 2397 ὐιά
361 2333 398 2397 τὸ
423 2334 540 2398 άνισον
567 2343 624 2417 τῆς
650 2332 747 2417 ηλίου
773 2337 915 2419 πορείας.
960 2333 977 2399 6
1007 2331 1043 2399 δὲ
1066 2338 1179 2400 Xan-S

141 2439 266 2524 ρωνεύς
289 2455 402 2523 φησιν,
426 2438 476 2504 ὅτι
498 2449 558 2504 τοῦ
580 2441 685 2524 πυρὸς
707 2441 769 2523 τὴν
788 2440 932 2523 δύναμιν
948 2442 1145 2526 προσειπόν-
1159 2468 1185 2508 σο

140 2568 193 2621 τες
216 2543 405 2630 Ἥφαιστον
436 2542 684 2631 άνθρωποειύὲς
719 2542 780 2629 μὲν
813 2544 916 2610 αὐτοῦ
947 2546 984 2609 τὸ
1017 2546 1146 2630 άγαλμα

140 2654 350 2734 πεποιήκασι,
371 2656 471 2716 πίλου
484 2647 521 2715 δὲ
535 2650 733 2736 περιέθεσαν
750 2652 893 2716 κυάνεον
909 2660 967 2734 τῆς
985 2649 1146 2737 οὐρανίου

141 2758 310 2843 σύμβολον
332 2766 528 2843 περιφορᾶς·
551 2760 636 2822 ἔνθα
658 2767 718 2822 τοῦ
740 2758 845 2842 πυρὸς
866 2758 904 2822 τὸ
925 2756 1092 2845 άρχοειὸές
1110 2782 1146 2824 τε

211 2967 236 3002 v.
252 2955 266 3002 1
285 2947 466 3018 Empedocles
489 2948 558 3003 ibid.
577 2968 604 3018 p.
619 2955 686 3003 420⁸
700 2954 734 3003 20
824 2955 857 3003 19
876 2949 910 3003 cf.
929 2949 1002 3004 Plut.
1022 2950 1056 3003 de
1080 2949 1144 3003 aud.

139 3021 213 3090 poet.
233 3037 256 3074 ο.
272 3026 287 3074 6
306 3038 333 3090 p.
348 3019 413 3074 230

211 3202 266 3251 v.8
287 3197 341 3252 oie.
360 3197 393 3252 de
409 3203 467 3252 καί.
486 3198 557 3252 deor.
573 3197 601 3251 B
619 3215 706 3269 marg.
764 3203 795 3251 11
815 3195 965 3266 λέμνιοςΒ
1024 3201 1056 3249 12
1076 3216 1145 3264 μαν-

139 3275 205 3330 τοῦς
223 3269 261 3338 X,
280 3273 405 3337 μαντιῦος
424 3267 457 3323 οἱ.
473 3267 589 3323 Creuzer
661 3275 694 3323 13
713 3268 897 3338 ἡφαιστιάόες
910 3267 945 3336 Α,
963 3265 1146 3336 ἡφαιστιάδες

140 3339 176 3408 Β,
192 3323 405 3408 Ἡφαιστιάόεις
422 3338 539 3394 Creuzer
563 3340 567 3412 ί
593 3337 635 3394 ὅτι
653 3339 668 3394 6
691 3338 822 3409 ”φαιστος
835 3371 869 3379 -
882 3357 909 3407 p.
925 3343 985 3406 136,
1000 3344 1015 3392 6
1034 3335 1146 3406 όσλρειις

140 3409 163 3466 S
176 3412 180 3481 λ
197 3408 238 3464 ὅτι
257 3410 272 3464 6
291 3410 369 3465 omis.
385 3410 434 3482 X]
455 3409 492 3473 ὥς
510 3427 579 3481 φησι
598 3361 761 3481 Νουμόνιος
778 3409 855 3464 omis.
871 3410 902 3462 X
972 3414 1006 3462 14
1024 3416 1079 3476 πῦρ
1098 3406 1145 3478 γό-

140 3501 222 3550 νιμον
240 3480 268 3549 S,
291 3478 407 3552 γόνιμον
424 3489 479 3550 πῦρ
499 3483 531 3536 Χ
601 3487 634 3536 15
652 3483 702 3537 τὸν
720 3480 798 3536 omis,
817 3480 839 3536 S
910 3485 942 3534 11
961 3487 1144 3550 συγκροτῆται

140 3551 162 3606 S
176 3554 180 3621 Ι
197 3551 211 3607 6
227 3550 257 3606 δὲ
271 3585 305 3592 -
321 3558 353 3606 19
372 3551 565 3624 λαμβάνεσθαι
579 3551 628 3607 διὰ
642 3552 670 3622 S,
689 3552 769 3614 άλλος
783 3548 814 3605 66
827 3552 904 3622 χωλῶ
916 3551 984 3604 ποδὶ
997 3551 1046 3606 τὸν
1059 3549 1146 3620 ἥφαι-

141 3638 206 3677 στοι
223 3621 415 3695 λαμβάνεσθαι
433 3621 504 3695 λέγει
523 3622 572 3678 διὰ
591 3623 623 3677 Χ
694 3628 727 3677 19
745 3618 867 3690 πορείας.
893 3624 944 3676 cet.
965 3622 1020 3677 des.
1040 3623 1072 3676 X
