2788 4222
248 252 339 308 XVIII
656 249 859 305 PRAEFATIO

250 419 404 481 sententiis
436 419 472 477 de
505 437 594 478 causa
626 417 847 494 exundationis,
884 418 981 494 qualis
1017 418 1072 491 sit,
1109 415 1259 492 desperate

251 507 382 567 ποικίλαι
405 503 458 584 μὲν
481 498 536 566 οὖν
559 507 593 566 αί
616 505 683 586 περί
710 505 802 568 αὐτοῦ
829 505 926 583 δόξαι,
953 504 985 566 τὸ
1009 499 1037 566 δ’
1054 501 1165 582 ἀληθὲς
1186 503 1260 564 κατὰ

249 595 321 669 τοὺς
342 593 523 675 ἀνθρώπους
545 593 615 668 τέως
643 594 776 673 οὐδαμοῦ
799 588 842 677 (p.
869 597 940 670 147,
951 587 995 676 3).
1040 593 1170 654 Parisini
1189 613 1260 653 vero

250 684 359 745 codicis
389 688 495 744 auctor
522 684 659 761 Augusto
690 703 790 743 mense
821 684 1002 759 adscriptam
1032 682 1261 742 exundationem

251 773 414 834 secundum
435 773 638 832 Hebraeorum
660 791 775 832 sacram
797 772 976 848 scripturam
999 772 1128 848 explicat
1151 772 1259 831 additis

250 860 348 923 vorbis
365 882 394 938 p.
409 864 512 937 43,20
521 862 612 921 Treu:
630 867 691 933 τοῖς
710 857 742 922 δὲ
760 858 794 920 τὰ
812 869 865 940 τῆς
882 869 999 941 γραφῆς
1018 857 1160 920 ἀσκοῦσιν
1174 858 1259 921 odda·

251 949 322 1028 μίαν
339 950 427 1011 τίκτει
439 948 620 1030 ἀμφιβολίαν
639 994 668 1010 ..
684 995 691 1009 .
709 951 740 1010 οἱ
751 947 806 1030 γὰρ
821 948 861 1027 μὴ
880 957 971 1010 ταῦτα
984 946 1049 1029 περί
1063 947 1154 1010 αὐτοῦ
1173 946 1259 1020 δοξά-

252 1041 351 1112 ζοντες
372 1037 414 1110 είς
437 1038 545 1118 μορίας
566 1036 755 1116 ἐμπίπτοντες
777 1035 903 1118 ἀπορίας
926 1035 1066 1116 μένουσιν
1089 1033 1144 1108 ἕως
1161 1034 1261 1109 τίλοος

253 1135 306 1206 τῆς
328 1124 470 1205 ἀληθείας
488 1124 748 1205 ἀποπλανώμενοι,
772 1145 849 1204 quae
872 1127 910 1186 ab
932 1125 983 1202 iis,
1007 1145 1083 1204 quae
1105 1125 1192 1186 modo
1216 1129 1260 1185 at·

250 1216 377 1275 tulimus
407 1216 485 1293 Lydi
515 1215 613 1276 verbis
644 1219 709 1276 toto
742 1217 823 1276 caelo
856 1215 973 1276 diversa
1004 1218 1082 1274 sunt
1127 1217 1261 1274 attamen

250 1304 338 1364 huius
370 1324 488 1381 quoqne
518 1303 626 1364 codicis
656 1305 684 1362 R
715 1303 897 1382 paragraphi
931 1303 1080 1380 particula
1115 1304 1261 1379 quaedam

250 1393 412 1453 Laurentio
435 1394 567 1453 debetur.
612 1394 800 1454 consentiunt
826 1393 906 1453 enim
929 1411 965 1452 ca
987 1411 1064 1470 quae
1086 1392 1262 1452 exhibentur

251 1482 289 1541 ab
311 1481 364 1542 illo
387 1503 416 1558 p.
440 1483 521 1556 43,2
546 1474 632 1554 οὗτος
656 1477 802 1562 δ’Ίοτρος
826 1515 868 1524 *-
893 1483 994 1558 43,11
1020 1480 1190 1561 Δανούβιος
1212 1502 1261 1559 με·

251 1568 409 1647 τακληθελς
432 1590 499 1629 cum
520 1570 567 1645 iis,
591 1589 668 1646 quae
691 1574 879 1647 exponuntur
902 1589 920 1630 a
943 1569 1106 1630 Laurentio
1129 1569 1165 1629 dc
1183 1588 1260 1647 mag.

251 1659 305 1736 HI,
326 1661 377 1734 32,
400 1677 537 1734 quaeque
560 1677 578 1718 a
600 1676 632 1718 so
654 1660 771 1718 narrari
793 1659 952 1719 confitetur
973 1662 1078 1720 auctor
1100 1659 1261 1720 secundum

251 1743 473 1825 Σαμω<νι>κὸν
494 1745 546 1806 τὸν
566 1739 708 1825 Ῥωμαῖον
730 1746 885 1826 ἱστορικόν,
907 1743 940 1819 ὃς
957 1745 1032 1826 πρὸς
1050 1745 1261 1825 Διοκλητιανὸν

250 1833 302 1895 καλ
315 1831 458 1913 Γαλίριον
471 1833 523 1894 τὸν
537 1831 658 1914 γέροντα
671 1832 738 1914 περί
754 1834 896 1895 ποικίλων
915 1834 1085 1912 ζητημάτων
1103 1828 1262 1915 διελέχθη.ι

252 1925 313 1983 iam
333 1941 404 1982 vero
426 1923 452 1980 si
474 1923 651 1998 quaerimus,
674 1926 775 1982 utrum
792 1923 987 1983 Laurentium
1005 1943 1044 1982 an
1061 1924 1159 2000 ipsum
1178 1923 1260 1984 Sam-

254 2012 402 2072 monicum
433 2011 540 2070 adierit
570 2010 709 2071 librarius
741 2012 848 2072 codicis
880 2011 1021 2087 Parisini,
1054 2032 1107 2090 ego
1141 2013 1261 2089 quidem

252 2103 337 2177 huuc,
368 2101 450 2176 quali
473 2119 541 2159 eum
567 2099 687 2178 ingenio
716 2100 807 2159 fuisse
836 2102 929 2176 patet,
959 2120 1018 2160 non
1042 2100 1261 2160 Sammonicum

252 2189 414 2266 inspexisse
428 2207 551 2264 sumam,
568 2188 737 2248 rarissimae
751 2192 840 2248 notae
855 2191 1013 2265 auctorem,
1027 2190 1079 2249 sed
1092 2191 1261 2267 Lydianum

250 2279 360 2338 librum
382 2279 418 2337 de
440 2277 673 2356 magistratibus,
696 2281 731 2337 ut
753 2278 781 2336 ei
803 2282 869 2338 crat
891 2278 1069 2337 Laurentius
1091 2279 1260 2338 familiaris·

251 2368 350 2427 simus.
397 2386 475 2443 quae
504 2367 531 2426 si
560 2367 773 2441 concedantar,
804 2366 863 2426 alio
894 2387 909 2426 c
939 2367 1021 2426 fonte
1051 2386 1186 2427 manasse
1216 2387 1260 2442 ea,

252 2475 330 2532 quae
352 2457 509 2531 desumpta
527 2458 598 2515 sunt
616 2475 631 2514 e
650 2473 734 2515 sacra
752 2455 908 2531 scriptura,
932 2458 1069 2531 apparet3
1091 2456 1259 2532 iterumque

251 2544 394 2619 videmus,
418 2544 564 2603 cautiores
587 2562 641 2603 nos
660 2562 722 2602 esse
741 2543 845 2603 dobere
862 2544 895 2602 in
913 2544 1098 2604 vindicandis
1117 2545 1259 2621 reliquiis,

251 2649 328 2706 quae
346 2651 365 2691 a
383 2632 482 2691 codice
500 2632 527 2690 R
545 2633 710 2707 servantur,
733 2632 845 2708 quippe
864 2632 917 2708 qui
934 2636 1053 2708 praetor
1066 2633 1260 2693 Laurentium

252 2713 328 2779 elios
351 2739 469 2796 quoque
496 2719 663 2778 adhibuerit
690 2723 838 2780 auctores:
866 2721 942 2780 hanc
970 2721 1091 2797 quidem
1118 2740 1258 2800 paragra·

251 2808 345 2885 pbum
367 2829 383 2867 e
405 2809 481 2868 libro
504 2809 540 2866 de
562 2807 710 2867 mensibus
733 2809 861 2885 petitam
886 2829 946 2869 non
974 2829 1036 2870 csse
1063 2829 1117 2886 pro
1141 2810 1258 2870 demon-

251 2900 347 2957 strato
364 2897 425 2955 iam
447 2887 569 2956 habeo²

316 2985 382 3044 Iam
403 2985 489 3044 finita
512 2985 718 3061 disquisitione
741 2985 777 3045 de
795 2985 930 3063 Lydiano
952 2987 1028 3046 libro
1051 2986 1087 3046 de
1109 2986 1259 3046 mensibus

251 3075 373 3152 eiusque
396 3075 590 3149 epitomatore
609 3073 743 3133 Parisino
766 3075 850 3134 brevi
872 3078 1030 3150 conspectu
1052 3076 1202 3135 illustrare
1223 3076 1258 3134 li·

251 3167 326 3240 ceat,
351 3182 494 3240 quasnam
517 3163 625 3221 codicis
644 3163 671 3220 R
688 3166 789 3239 partes
812 3184 847 3224 ex
870 3164 922 3223 illo
941 3164 1090 3224 derivatas
1109 3183 1172 3224 esse
1190 3184 1258 3224 con·

251 3255 318 3330 stet,
338 3257 368 3312 et
385 3252 438 3312 ubi
457 3269 506 3310 eas
524 3251 556 3309 in
576 3251 704 3310 editione
722 3252 816 3328 possis
830 3252 967 3328 reperire.
993 3255 1062 3312 sunt
1076 3256 1176 3313 autem
1189 3254 1259 3312 hae:

325 3474 335 3506 ¹
353 3473 606 3528 Teuffel-Schwabe
623 3479 691 3528 rbm.
710 3473 777 3528 Litt.
797 3472 896 3528 Gesch.
915 3480 930 3540 ἕ
949 3480 1044 3543 stan.

324 3545 336 3577 ³
358 3562 392 3599 ea
417 3561 489 3614 quae
511 3545 595 3599 finem
615 3544 698 3598 huius
721 3544 892 3616 paragraphi
914 3545 1024 3600 faciunt
1045 3563 1072 3614 p.
1091 3551 1139 3613 44,
1155 3550 1259 3600 10-21

251 3615 402 3670 Laurentio
422 3617 497 3672 certo
515 3632 567 3671 nco
584 3615 706 3671 tribuere
725 3616 815 3671 audeo
833 3632 924 3685 neque
943 3615 1112 3671 abiudicata.
