2788 4222
535 302 738 359 PRAEFATIO
988 305 1138 361 LXXXVII

128 475 159 530 b.
184 492 206 532 e..
235 475 318 532 sexta
345 472 405 530 fere
432 491 571 532 versuum
597 491 674 547 pars.
721 473 745 531 si
776 493 846 532 vero
879 473 1012 533 omnibus
1044 474 1137 549 parti-

129 563 187 620 bus
215 562 338 620 eandem
364 561 511 620 rationem
540 561 620 619 inter
651 581 725 636 opus
756 561 908 640 integrum
939 563 970 620 et
1000 566 1137 638 excerpta

129 669 209 725 quas
240 653 398 726 supersunt
427 649 625 708 intercessisse
654 652 811 725 putamus,
844 653 957 710 sextam
983 653 1050 709 tum
1076 651 1137 710 fere

131 733 206 797 libri
224 738 324 814 quarti
346 741 462 814 partem
483 738 571 798 hodie
594 757 745 814 superesse
768 743 864 814 patet;
886 739 1012 799 fortasse
1037 743 1138 799 autem

131 827 333 903 pauloplura
354 827 504 901 habemus
528 827 669 902 quoniam
691 828 724 885 in
746 828 860 887 ultimis
885 861 927 869 -
950 828 988 886 ad
1010 829 1137 887 Novem·

128 917 213 974 brem
236 916 315 975 enim
337 918 368 975 et
389 915 581 974 Decembrem
607 935 721 975 menses
748 917 898 992 pertinent
922 917 995 976 folia
1018 917 1071 975 illa
1095 950 1136 958 —

130 1005 229 1063 studio
257 1003 318 1062 iam
343 1005 555 1082 languescente
582 1005 724 1079 pauciora
752 1024 843 1080 quam
869 1005 955 1065 initio
983 1008 1137 1066 mutuatos

129 1111 193 1152 esse
217 1093 426 1169 epitomatores
448 1091 601 1168 probabile
625 1095 678 1151 est.

150 1232 153 1235 ,
196 1181 332 1240 Diximus
364 1182 461 1240 adhuc
493 1181 528 1239 de
559 1181 629 1238 libri
659 1180 853 1241 Laurentium
884 1181 1001 1257 habitu,
1037 1183 1135 1257 qualis
1143 1176 1288 1270 ffiffl}

130 1273 176 1328 est
202 1271 371 1343 restitutus,
401 1287 524 1346 agamus
553 1269 614 1328 iam
644 1269 679 1327 de
709 1269 893 1346 singularum
920 1271 1136 1328 sententiarum

130 1359 366 1434 uoculammque
389 1358 498 1432 forma,
525 1376 597 1414 num
624 1357 692 1415 inde
716 1376 735 1416 a
755 1357 876 1416 Ioannis
898 1358 976 1434 Lydi
997 1359 1137 1434 tempori·

130 1447 184 1506 bus
212 1447 329 1524 integra
360 1447 398 1504 ad
427 1464 480 1504 nos
510 1446 685 1522 pervenerit.
731 1449 821 1521 atque
850 1446 906 1505 boc
936 1446 1053 1522 quidem
1082 1467 1136 1523 pro

7 1583 9 1587 ,
128 1538 210 1595 certo
233 1554 389 1611 possumus
411 1533 572 1608 affirmare,
598 1534 631 1591 iu
654 1533 752 1593 animo
779 1534 869 1593 fuisse
892 1534 941 1610 iis,
970 1535 1022 1610 qui
1044 1535 1137 1611 epito-

131 1626 280 1682 matorum
302 1642 424 1681 munere
447 1622 542 1681 fimcti
564 1625 643 1696 sunt,
667 1623 816 1698 plerisque
840 1642 913 1698 quos
936 1623 1139 1682 suscribebant

131 1712 214 1788 locis,
236 1711 395 1771 verborum
412 1731 521 1770 nexum
538 1711 696 1788 integrum,
714 1713 749 1770 ut
767 1715 832 1770 erat
850 1712 965 1788 inipso
984 1711 1138 1772 Laurentii

131 1799 218 1874 libro,
243 1801 384 1860 retinere:
412 1799 444 1858 id
466 1799 545 1857 enim
568 1819 602 1860 eo
625 1799 855 1876 demonstratur,
883 1801 975 1876 quod,
1002 1801 1053 1859 ubi
1076 1821 1138 1860 eas-

131 1889 199 1946 dem
222 1889 384 1948 sontcntias
408 1890 617 1963 excerpserunt
633 1888 733 1962 XYS,
756 1888 926 1964 saepissime
944 1889 1033 1950 verbo
1051 1893 1137 1949 tenus

131 1977 303 2053 conspirant
325 1978 356 2036 hi
380 1977 501 2037 codices.
548 1977 599 2036 sed
626 1977 693 2035 aliis
720 1978 793 2036 locis
817 1979 998 2037 contrarium
1021 1999 1138 2055 quoque

132 2084 188 2124 usu
209 2067 300 2144 venit,
323 2086 428 2142 nempe
451 2069 485 2124 ut
508 2065 618 2142 singuli
640 2065 755 2124 librarii
776 2067 917 2142 codicum,
940 2086 1006 2126 cum
1024 2068 1056 2126 in
1073 2068 1137 2126 bre·

129 2155 197 2225 vius
221 2155 429 2215 contraherent
450 2153 606 2212 Laurentii
627 2154 731 2228 verba,
759 2155 982 2214 enuntiatorum
1010 2155 1138 2232 effigiem

130 2243 204 2302 adeo
220 2243 412 2319 mutaverint,
431 2246 465 2302 ut
479 2243 612 2301 diversae
626 2242 756 2301 eiusdem
769 2243 933 2303 sententiae
948 2248 1138 2303 exorerentur

131 2337 286 2408 tamquam
308 2331 504 2406 recensioneS,
533 2350 548 2388 e
577 2330 683 2406 quibus
712 2350 778 2389 eam
805 2351 882 2407 quac
910 2333 1038 2408 genuina
1061 2335 1137 2391 esset

132 2421 243 2499 eligere
266 2440 326 2480 non
349 2420 484 2480 omnibus
506 2419 578 2479 locis
602 2438 695 2494 aeque
719 2423 783 2478 erat
800 2420 901 2480 facile:
924 2421 1041 2480 etiamsi
1060 2421 1139 2480 enim

130 2510 162 2568 in
185 2509 359 2570 universum
380 2509 456 2567 hanc
477 2509 574 2584 legam
596 2510 726 2567 statuero
749 2509 846 2585 bceat,
869 2528 970 2569 veram
988 2527 1050 2568 esse
1073 2529 1139 2568 eam

130 2598 300 2674 lectionem,
334 2617 411 2673 quae
442 2616 513 2672 prae
540 2596 663 2672 reliquis
689 2597 786 2656 minus
814 2597 846 2655 in
877 2601 975 2656 artum
1004 2598 1045 2656 sit
1071 2617 1139 2658 con·

129 2689 240 2762 tracta,
267 2687 417 2746 interdum
444 2687 544 2744 tamen
570 2685 666 2744 maior
692 2685 848 2745 verborum
871 2687 957 2761 copia
977 2687 1138 2762 interpola-

129 2775 244 2835 toribus
277 2775 376 2834 deberi
410 2774 533 2834 videtur.
585 2793 678 2849 quare
710 2775 745 2834 de
781 2775 826 2834 his
858 2775 933 2834 locis
963 2776 1140 2854 singillatim

129 2864 251 2922 ferenda
279 2866 364 2922 erant
389 2863 507 2922 iudicia.
557 2865 712 2938 praetcrea
739 2867 839 2922 autem
862 2865 974 2924 evitare
1001 2884 1060 2924 non
1085 2884 1137 2940 po·

129 2954 230 3010 terant
262 2952 395 3010 codicum
426 2951 553 3026 librarii,
587 2951 658 3027 quin
688 2951 737 3010 hic
768 2953 842 3028 illio,
874 2953 961 3013 initio
993 2953 1138 3029 imprimis

129 3041 345 3100 sententiarum
370 3042 401 3099 et
424 3039 491 3113 fine,
516 3041 659 3098 nonnulla
683 3043 871 3100 mutarentur
895 3042 1014 3117 inipso
1042 3060 1139 3099 excer-

129 3129 239 3204 pendo,
267 3132 298 3188 et
319 3129 392 3205 quin
414 3128 572 3204 paullatim
595 3129 795 3205 compluribus
821 3130 894 3190 locis
920 3148 983 3188 sese
1006 3129 1138 3188 insinua-

130 3221 197 3276 rent
232 3218 339 3276 menda
372 3217 486 3292 aliqua,
522 3216 631 3292 quibus
662 3217 819 3277 verborum
850 3219 1007 3294 integritas
1039 3217 1138 3275 foeda·

129 3309 219 3374 retur.
274 3307 326 3365 sod
362 3325 463 3365 earnm
500 3305 633 3380 quidem,
670 3306 778 3382 quibus
814 3307 926 3381 priores
963 3304 1140 3363 laborabant

131 3395 285 3471 editiones
309 3395 546 3470 corruptelarum
568 3395 713 3469 plurimae
742 3395 876 3453 emedio
900 3397 970 3452 sunt
996 3392 1139 3469 sublatae,

130 3483 193 3542 sive
216 3484 358 3560 inspectis
380 3483 477 3541 denuo
501 3481 649 3542 codicibus
677 3483 876 3558 iampridem
898 3482 990 3556 notiS,
1018 3501 1085 3540 oum
1107 3483 1139 3540 in

131 3572 192 3630 illis
215 3573 291 3631 talia
314 3572 433 3631 omnino
457 3589 517 3629 non
542 3571 604 3647 legi
632 3571 832 3646 apparuisset,
860 3571 921 3629 sive
949 3571 1032 3630 novis
1056 3572 1139 3630 adhi-

132 3659 203 3719 bitis
236 3661 319 3720 libris
351 3678 442 3718 manu
474 3659 605 3736 scriptis,
642 3678 768 3735 quorum
801 3659 926 3718 lectione
958 3659 1141 3735 reliquorum
