2760 4234
364 293 592 348 FRAGMENTA
608 293 791 350 INOERTAE
811 293 911 349 SEDIS
1080 295 1143 359 179

135 458 353 544 Κλεοπάτραν
371 458 476 522 Γάϊον
492 461 685 544 Κορνήλιον
703 458 835 523 Γάλλον
854 466 911 540 τῆς
929 458 965 522 τὸ
984 455 1066 543 πρὶν
1084 454 1178 542 μένε

129 561 257 650 Ἀερίας
289 558 358 629 εἶτα
387 567 558 648 Ποταμίοις
591 573 657 630 νῦν
688 561 726 630 δδ
759 562 937 648 λεγομένης
970 565 1145 646 Αἰγύπτου

134 669 347 756 προέστησεν,
369 669 624 754 Αύγουστάλιον
652 671 755 736 αὐτὸν
778 670 814 736 ἐκ
836 679 897 735 τοῦ
922 672 1047 736 οἰκείου
1070 671 1145 736 ὀνό-

137 800 238 860 ματος
259 781 434 844 καλελσθαι
461 780 637 859 θεσπίσας,
664 777 766 862 ταύτη
794 774 849 841 καὶ
872 775 1145 858 Αύγουσταλίους

136 885 213 959 τοὺς
234 883 407 968 ὑποφήτας
429 894 496 948 τῶν
518 882 677 969 ὑπάρχων
699 887 872 948 καλεῖσθαι
892 885 1001 966 νόμος.
1038 882 1089 948 ότι
1108 882 1145 948 ἐν
1172 912 1184 951 5

136 1000 207 1065 ταῖς
229 992 310 1055 κατδι
331 990 368 1055 τὸ
387 990 559 1056 Παλάτιον
577 988 707 1068 τάξεσιν
724 984 810 1073 ήσαν
827 988 881 1054 καὶ
896 989 1145 1074 Αίγουστάλιοι,

136 1095 195 1172 οὓς
214 1093 370 1179 Ἕλληνες
398 1098 665 1182 σεβαστοφόρους
691 1101 845 1180 καλοῦσι,
874 1098 932 1172 τὰς
961 1107 1028 1161 τῶν
1054 1103 1145 1162 θεῶν

135 1206 242 1287 θήκας
263 1200 319 1267 καὶ
342 1205 419 1279 τοὺς
442 1214 509 1268 τῶν
527 1201 691 1287 βασιλέων
708 1203 832 1278 τύπους
850 1203 1072 1286 φυλάττοντες
1090 1202 1145 1268 καὶ

135 1310 196 1392 τήν
218 1311 387 1392 τήβεννον.

82 1426 206 1481 deesth
228 1415 250 1478 4
274 1423 355 1490 (166).
377 1412 447 1480 Ὅτι
463 1403 656 1501 ΙΕὐριπίδης
679 1414 716 1480 ἐν
734 1413 849 1500 Ἑλένη
872 1413 947 1500 περὶ
970 1418 1145 1502 Σειρήνων
1159 1445 1185 1483 ιο

136 1524 223 1605 λέγει
247 1521 364 1597 οὕτως·

422 1613 624 1697 πτεροφόροι
647 1611 798 1686 νεάνιδες

422 1716 586 1802 παρθένοι
609 1717 742 1793 Χθονὸς
764 1719 860 1800 κόραι

422 1828 594 1910 Σειρῆνες,

135 1948 153 2014 6
177 1947 207 2012 δ’
226 1946 452 2035 Ἀριστοτέλης
476 1949 513 2014 έν
539 1948 651 2037 πέπλφ
679 1949 899 2034 ὀνομάζεσθαι
927 1948 1028 2025 αὐτάς
1055 1946 1143 2032 λέγει
1158 1976 1184 2016 1⁵

137 2054 349 2134 Θελξιέπειαν
365 2054 601 2140 Ἀγλαοφήμην
624 2059 807 2140 Πασινόην.

81 2172 204 2226 deesth
226 2161 247 2226 5
272 2171 354 2237 (167).
378 2160 449 2227 Ὅτι
468 2161 622 2246 Ῥωμαίος
645 2162 663 2228 6
689 2164 816 2247 Φάβιος
838 2166 974 2248 καιρίως
1002 2160 1144 2248 τρωθεὶς

136 2266 190 2333 ἐπί
220 2277 280 2333 τοῦ
309 2269 443 2354 πρώτου
470 2273 666 2335 Φοινικικοῦ
695 2268 841 2353 πολέμου
868 2267 936 2353 μετ’
963 2268 1064 2352 ὀργής
1091 2266 1144 2332 ἐπὶ

135 2376 194 2439 τὸν
211 2372 369 2458 Ἀννίβαν
392 2373 539 2459 ἐνεχθεὶς
565 2372 620 2439 καὶ
643 2374 791 2460 ἁρπάσας
814 2374 918 2439 αὐτοῦ
941 2374 977 2438 τὸ
1001 2374 1144 2457 διάδημα

135 2480 342 2546 ἐναπέθανεν
368 2480 466 2568 αὐτῷ.
512 2479 548 2545 έν
576 2487 621 2568 τῷ
645 2485 798 2567 Περσικῷ
827 2479 866 2544 δέ
891 2496 995 2563 φησιν
1022 2477 1145 2566 ὁἈρι-
1158 2509 1185 2548 ω

137 2589 275 2671 στείδης,
299 2588 350 2654 ὅτι
369 2587 540 2671 Λεωνίδης
563 2586 580 2651 6
601 2587 781 2673 στρατηγὸς
799 2587 1005 2670 θεασάμενος
1023 2587 1060 2651 τὸ
1078 2596 1145 2652 τῶν

136 2699 278 2781 Περσῶν
299 2700 430 2778 πλῆθος
452 2693 489 2759 έν
509 2694 739 2778 Θερμοπύλαις
757 2692 903 2776 έπήλθεν
922 2693 958 2759 ἐκ
975 2702 1036 2758 τοῦ
1055 2692 1146 2759 ἐναν-

135 2805 210 2867 τίου
237 2812 307 2878 τοῖς
333 2805 503 2885 πολεμίοις
529 2799 584 2865 καὶ
612 2800 760 2886 ἀπείροις
787 2799 979 2886 περιπαρεὶς
1006 2801 1146 2886 δόρασιν

136 2907 189 2973 ἐπὶ
207 2907 334 2994 Ξέρξην
353 2906 477 2991 έπήλθε
494 2907 549 2973 καὶ
567 2909 799 2995 περιελόμενος
821 2906 926 2972 αὐτοῦ
945 2907 981 2972 τὸ
1001 2907 1146 2990 διάδημα

136 3013 342 3092 ἐξέπνευσεν·
374 3013 545 3098 άνατεμὼν
577 3010 614 3079 δδ
642 3013 744 3079 αὐτὸν
771 3013 789 3079 6
818 3013 951 3099 Πέρσης
980 3008 1056 3097 εὗρε
1084 3013 1146 3095 τήν
1159 3039 1185 3082 ει

136 3123 277 3207 καρδίαν
300 3121 403 3187 αὐτοῦ
431 3121 466 3186 ἐκ
493 3130 550 3204 τής
578 3120 727 3206 ἐμφύτου
749 3118 876 3205 θέρμης
898 3118 1146 3206 τετριχωμένην.

84 3239 205 3293 όεεελΒι
229 3228 249 3292 6
273 3236 355 3304 (168).
370 3225 441 3293 Ὅτι
455 3227 473 3293 6
486 3231 626 3313 Νουμᾶς
641 3227 719 3293 δέκα
737 3227 928 3312 παρθένους
946 3221 1088 3310 ἀνέθηκε
1105 3236 1145 3312 τῇ

207 3404 232 3440 v.
253 3391 286 3439 10
308 3385 373 3438 Eur.
396 3384 458 3438 Hel.
485 3390 609 3454 ουτως.
719 3391 752 3439 ιε
781 3385 814 3439 ω.
842 3385 920 3438 Euat.
948 3384 979 3437 11.
1010 3389 1091 3452 1709,
1110 3388 1145 3435 ιε

136 3463 151 3522 ξ
171 3462 221 3510 167
240 3455 408 3511 Plutarchus
421 3457 588 3524 personatus
601 3457 652 3525 ost,
671 3455 774 3510 Parall.
789 3455 855 3510 min.
869 3474 896 3526 p.
912 3455 996 3509 306ss
1015 3457 1045 3508 et
1057 3454 1091 3523 D,
1111 3454 1145 3508 of.

135 3527 273 3581 Ariessides
292 3526 344 3597 frg.
360 3534 402 3595 21,
421 3526 504 3581 ΓΗΘ
521 3527 560 3581 IV
577 3545 604 3596 p.
619 3533 672 3581 824

207 3676 223 3735 ξ
242 3675 293 3724 168
311 3668 402 3740 primo
420 3669 539 3724 fortasse
557 3669 630 3724 libro
649 3672 692 3724 est
706 3668 861 3724 ¹tribuenda

933 3758 987 3812 12*
