2790 4214
225 288 269 352 48
586 285 694 341 1211}ssss
711 283 864 340 τυουιοε

191 459 209 514 S
223 447 404 533 πτίμβριον
418 448 481 515 ἀπὸ
496 446 592 514 ἐννέα
604 446 659 513 καὶ
674 454 800 513 είκοσιν
808 446 941 533 ἡμερῶν
950 449 987 514 τὸ
997 449 1098 513 πάλαι
1109 452 1233 532 λαχεῖν,

225 557 380 642 Μάρτιον
398 552 435 621 δέ
457 553 512 620 καὶ
530 556 654 639 Μάιον,
676 556 881 620 Κυντίλλιόν
903 578 938 620 τε
960 553 1016 620 καὶ
1034 552 1234 640 Ὀκτάβριον

225 661 289 728 άπὸ
321 672 398 747 μιᾶς
427 659 483 727 καὶ
511 663 702 747 τριάκοντα,
735 660 818 726 ὅθεν
848 662 927 738 τοὺς
959 660 1023 727 άπὸ
1054 660 1150 726 ἐννέα
1178 660 1234 727 καὶ

226 774 330 835 εἴκοσι
347 769 479 855 ἡμερῶν
496 766 651 843 ἕλκοντας
668 770 850 851 κεμιιταίας
868 769 956 852 ἔχειν
973 769 1032 844 τάς
1049 769 1172 845 Νάνας
1190 770 1235 846 ὡς
1324 753 1328 762 ’

199 875 449 958 εσεληνιακοάς,
467 875 545 950 τοὺς
562 868 601 938 δέ
619 872 683 938 άιτὸ
701 883 778 958 μιᾶς
795 871 850 938 καὶ
865 875 1043 960 τριάκοντα
1057 873 1234 960 ἑβδομαιάς

163 999 212 1053 Ys
227 982 271 1058 ὡς
292 980 460 1064 ἡλιακούς·
483 981 542 1046 τὸν
564 977 602 1045 δέ
627 980 858 1066 Φεβρουάριον
885 973 1036 1065 ἐπίτηδες
1063 984 1142 1058 τοὺς
1155 991 1285 1060 RrIII‚44

228 1089 400 1164 Θούσκους
413 1086 601 1171 ἐλαττῶσαι,
621 1085 734 1170 ἐπειδὴ
748 1098 820 1163 ταῖς
836 1098 904 1152 τῶν
917 1091 1150 1172 καταχθονίων
1164 1087 1235 1173 ἑορ-

225 1205 297 1271 ταῖς
310 1196 462 1278 φαίνεται
476 1193 559 1279 πρὸς
572 1202 632 1258 τοῦ
648 1193 759 1280 ἱερέως
774 1196 894 1278 Νουμᾶ
908 1192 1163 1280 καραχωρηθεὶς
1179 1192 1235 1259 καὶ

194 1317 211 1372 S
228 1301 268 1367 οὐ
285 1301 425 1383 θεμιτὸν
438 1295 491 1384 ἦν,
510 1306 566 1365 ίσα
583 1311 653 1377 τοῖς
670 1300 841 1386 οὐρανίοις
857 1299 960 1366 αὐτὸν
977 1307 1149 1385 τιμᾶσθαι,
1167 1325 1235 1386 μει-

186 1437 212 1477 1⁰
226 1414 356 1491 ωθῆναι
369 1403 406 1472 δὲ
420 1412 548 1492 μᾶλλον
560 1408 620 1473 τδν
632 1408 745 1473 τοῖσδε
758 1408 795 1473 τὸ
814 1416 881 1472 κάν
894 1406 1066 1472 ἐλαττοῦσι
1080 1411 1234 1492 χθονίοις

224 1513 469 1599 ἀφωρισμένον,
491 1515 574 1580 ὅθεν
595 1512 651 1579 καὶ
668 1516 803 1580 πάντων
820 1525 889 1579 τῶν
910 1525 1025 1599 μηνῶν
1046 1515 1106 1579 τὸν
1124 1535 1234 1599 κεριτ-

225 1623 283 1686 τὸν
305 1620 452 1707 ἀριθμὸν
475 1618 639 1686 ἑλκόντων
665 1622 766 1704 μόνος
789 1620 807 1686 ὁ
833 1622 1060 1706 Φεβρουάριος
1081 1621 1142 1686 τὸν
1164 1622 1234 1686 άνι-

225 1745 287 1793 σον
316 1731 467 1811 φαίνεται
495 1727 613 1810 λαχών.
658 1723 738 1792 δδὲ
765 1726 908 1811 ἀριθμὸς
937 1721 1034 1803 οὗτος
1059 1736 1117 1812 τῆς
1142 1727 1235 1810 ὕλης,
1243 1745 1277 1794 45

185 1863 212 1902 14
225 1832 279 1899 καὶ
303 1831 347 1898 δι’
375 1833 479 1918 αὐτὴν
501 1833 560 1897 τὸν
586 1833 748 1897 δυαδικὸν
770 1833 918 1918 ἀριθμὸν
940 1831 994 1898 ἐπὶ
1016 1844 1084 1898 τῶν
1111 1832 1235 1918 ἑορτῶν

165 1954 214 2009 Ys
229 1941 260 2006 ολ
271 1939 421 2024 Ῥωμαῖοι
431 1938 686 2024 άκοφράζονται,
696 1938 989 2005 σεκοῦνδοναύτὸν
1003 1938 1106 2006 οἱονεὶ
1115 1939 1234 2023 εὐτυχῆ

185 2049 369 2132 Ῡπατρίως
390 2050 529 2111 καλοῦσι
551 2043 621 2110 κατ’
649 2043 873 2130 εὐφημισμόν,
901 2047 945 2122 ὡς
967 2045 1155 2131 Εὐμενίδας
1179 2043 1233 2110 καλ

219 2151 434 2238 Ἀδράστειαν
455 2149 510 2216 καὶ
534 2153 670 2237 Πάρκας
692 2149 763 2217 κατ’
791 2153 912 2230 αὐτοὺς
929 2154 986 2230 τὰς
1004 2154 1145 2238 μηδενὸς
1163 2176 1234 2238 φει-

225 2258 366 2342 δομένας
375 2263 517 2346 Μοίρας.
549 2258 613 2325 άκδ
628 2256 665 2324 δέ
679 2271 746 2324 τῶν
755 2263 887 2326 Νωνῶν
900 2258 955 2325 καὶ
969 2259 1080 2325 αὐτῶν
1092 2259 1155 2337 ἕως
1167 2271 1235 2326 τῶν

226 2368 339 2431 Είδῶν
365 2365 421 2432 καὶ
444 2366 555 2432 αὐτῶν
581 2369 685 2450 μόνας
713 2365 808 2432 ἐννέα
831 2365 932 2451 μέσας
954 2369 1234 2451 καρετηρήσαντο,

187 2492 212 2532 20
227 2473 276 2538 ὅτι
300 2474 499 2550 οἰκειότατος
521 2471 575 2538 καὶ
598 2473 772 2558 προσφυὴς
795 2473 813 2539 ὁ
836 2471 933 2538 ἐννέα
955 2473 1098 2558 ἀριθμὸς
1119 2483 1158 2559 τῇ
1182 2490 1235 2538 σε·

226 2581 322 2665 λήνῃ·
342 2575 439 2656 οὗτος
457 2581 520 2664 γὰρ
540 2576 659 2644 ἑαυτὸν
676 2585 780 2664 γεννᾷ
797 2579 879 2643 κατὰ
893 2576 1111 2663 Ξενοκράτην.
1143 2579 1235 2665 άόρι-

228 2702 303 2762 στος
324 2686 387 2771 γάρ
410 2685 431 2768 ἡ
455 2687 549 2771 άχρις
572 2684 727 2759 ἐννεάδος
749 2686 912 2769 πρόβασις
933 2682 988 2748 καλ
1010 2687 1133 2768 πλήθει
1156 2686 1235 2751 σύν-

228 2816 325 2868 οικος.
366 2792 427 2874 τὴν
451 2787 513 2874 μὲν
536 2785 598 2856 οὖν
625 2794 805 2874 νεομηνίαν
828 2793 943 2874 ἔλεγον
967 2791 1150 2876 Καλένδας,
1172 2794 1234 2877 τὴν

227 2895 264 2964 δέ
293 2895 451 2983 δευτέραν
480 2905 540 2961 τοῦ
569 2897 672 2980 μηνὸς
694 2897 758 2982 πρὸ
787 2897 956 2982 τεσσάρων
978 2896 998 2982 ἢ
1024 2900 1088 2984 πρὸ
1108 2897 1157 2982 ἔξ,
1189 2899 1234 2976 ὡς

297 3091 321 3127 v.
336 3077 368 3125 21
388 3069 559 3126 Xenocrates
578 3070 611 3126 cf.
630 3069 735 3126 Heinze
753 3090 780 3141 p.
797 3077 846 3125 151
865 3071 899 3126 fr.
917 3076 950 3126 68

297 3238 352 3288 v.6
376 3228 418 3285 δτι
441 3229 629 3322 ρεβρουάριον
651 3230 711 3300 (τὸν
734 3230 922 3302 φεβρουάριον
947 3232 983 3299 G)
1010 3228 1138 3301 ἐπίτηδές
1165 3250 1234 3300 φασι

226 3305 339 3366 τοὺς-
354 3308 387 3357 18
406 3321 505 3372 μοίρας
525 3302 554 3355 Y
568 3301 598 3356 in
616 3301 670 3356 fine
688 3301 754 3355 libri
773 3302 887 3356 secundi
904 3302 1020 3363 exhibet
1091 3309 1107 3358 8
1126 3302 1236 3371 ἑορταῖς

227 3372 358 3442 φαίνεται
370 3373 441 3442 πρὸς
453 3372 575 3442 τοῦνομα
589 3371 805 3444 παραχωρηθείς
818 3371 966 3444 (χωρηθείς
979 3375 1045 3428 DE
1049 3374 1092 3441 )Y
1111 3376 1115 3444 λ
1136 3373 1235 3444 φαίνε-

225 3464 272 3497 ται
291 3444 369 3500 omis.
389 3446 411 3500 S
480 3450 496 3498 9
514 3448 658 3513 τιμᾶσθαι.
691 3442 734 3499 ὅτι
756 3442 824 3512 παρ’
841 3445 977 3508 ίταλολςδ
999 3445 1095 3509 δνῖκδς
1113 3445 1236 3514 άρνδμδς

226 3514 429 3585 ἀποφράζεται,
457 3517 608 3571 σεκοῦνδον
632 3514 663 3570 δὲ
686 3515 772 3570 αὐτὸν
791 3519 846 3586 (15)
869 3516 898 3569 Y
984 3523 1016 3571 16
1035 3520 1184 3579 καλοῦντες
1205 3516 1234 3585 S,

226 3582 348 3652 πατρίως
365 3590 480 3642 καλοῦσι
503 3587 548 3656 Y!
565 3585 745 3656 εὐφημισμόν.
772 3591 824 3642 cet.
843 3587 900 3642 des.
920 3587 942 3643 S
960 3588 964 3658 Ι
984 3587 1056 3642 κατὰ
1075 3588 1125 3642 τδν
1143 3589 1209 3642 DE
1228 3587 1234 3660 Ι

227 3653 367 3723 εὐμενίδες
384 3657 415 3710 E
485 3663 519 3714 20
538 3660 553 3712 ὁ
572 3657 650 3711 omis.
669 3659 699 3712 D
772 3664 804 3712 23
824 3654 875 3713 οδν
894 3657 971 3713 omis.
991 3659 1029 3714 M
