2760 4234
245 245 308 349 1¹68
525 283 633 338 LIBER
652 282 827 349 QUARTUS.
854 283 973 339 IULIUS

204 457 229 512 Χ
242 470 334 513 νεται
348 448 404 512 διὰ
422 449 533 513 τόπων
549 445 680 514 δασέων
692 445 747 511 καί
762 445 961 531 ἀνοδεότων,
980 441 1028 512 ὧν
1041 448 1082 512 τά
1098 498 1104 510 .
1120 499 1127 510 .
1143 499 1149 510 .
1171 444 1253 512 ἐκεῖ·

242 559 306 618 θεν
329 554 377 630 εἰς
398 553 525 638 ὁμαλὸν
546 553 686 638 ἐκχεῖται
708 551 763 618 καί
785 554 887 619 πόλιν
905 555 953 631 εἰς
971 563 1120 639 ποταμοῦ
1137 557 1253 638 κοίτην
1343 547 1345 560 ’

243 660 431 745 συνάγεται,
453 659 508 726 καὶ
526 663 729 746 ναυσίπορος
747 661 866 726 λοιπὸν
885 659 938 726 ε’πί
958 661 1020 744 τὴν
1038 663 1178 747 Μερόην
1196 662 1252 726 διὰ

243 777 310 831 τῶν
337 765 501 852 ἀοικήτων
527 777 587 833 τοῦ
616 770 716 833 νότου
748 777 859 853 μερῶν
886 766 1021 852 φέρεται
1046 766 1102 832 καὶ
1129 767 1253 852 ταύτην

217 872 428 959 τπεριρρέων
462 882 567 958 νῆσον
603 873 771 939 ἀποτελεῖ·
813 876 882 939 ἔστι
917 875 981 960 γάρ
1012 883 1101 939 πᾶσα
1137 874 1251 959 ὁμαλή.

242 977 398 1045 κάκεῖθεν
435 982 472 1046 τὸ
509 980 629 1045 λοιπὸν
670 980 688 1046 6
725 989 789 1056 πᾶς
829 979 1056 1064 ἐγκλειόμενος
1097 979 1150 1046 ε’πί
1190 981 1251 1064 τὴν

242 1085 408 1170 ἀνατολὴν
435 1085 526 1173 ῥέπει
553 1084 609 1151 καὶ
636 1084 689 1152 ἐπὶ
716 1087 778 1170 τὴν
805 1091 993 1170 Αἴγυπτον,
1023 1093 1179 1152 κακεῖθεν
1205 1087 1253 1162 εἰς

242 1193 417 1258 θάλασσαν
448 1191 677 1277 σφροδοτέρου
712 1193 898 1278 πνεύματος
929 1190 1182 1268 καταπνέοντος·
1216 1191 1252 1256 έκ

243 1309 300 1383 τῆς
321 1301 396 1385 βίας
417 1299 491 1385 γάρ,
514 1301 559 1377 ὡς
577 1307 714 1387 εἰρηται,
737 1309 797 1365 τοῦ
815 1303 951 1386 βορείου
969 1300 1155 1384 πνεύματος
1173 1297 1253 1363 ἀνα-

203 1431 230 1472 10
242 1406 408 1489 κλώμενος
435 1405 453 1470 6
480 1409 626 1491 ποταμὸς
653 1404 708 1473 καί
735 1412 863 1491 μᾶλλον
886 1406 1121 1491 ἀνεκχεόμενος
1141 1415 1252 1470 πᾶσαν
1357 1435 1358 1466 ;

242 1513 469 1596 καταλιμνάζει
496 1515 557 1597 τὴν
580 1518 762 1596 Αἴγυπτον.
808 1514 909 1597 εὔρου
937 1509 974 1578 δὲ
997 1512 1033 1578 έκ
1055 1521 1112 1596 τῆς
1135 1511 1252 1576 ἀνατο-
1357 1515 1358 1588 ᾗ

242 1625 300 1701 λῆς
329 1629 400 1695 τοῖς
429 1618 571 1703 ἐτησίοις
601 1618 835 1696 ἀντιπνέοντος
862 1619 882 1702 ἰΙ
910 1622 1012 1685 νότου
1039 1618 1103 1684 ἀπὸ
1131 1635 1253 1703 μεσημ·

242 1726 337 1808 βρίας
360 1723 567 1803 ἐξωθοῦντος
589 1728 649 1792 τὸν
671 1730 807 1808 Νεῖλον,
833 1727 966 1802 εἰκότως
989 1726 1007 1791 6
1030 1725 1175 1810 ποταμὸς
1198 1722 1252 1788 ἐπὶ

241 1831 302 1914 τὴν
333 1832 507 1897 θάλασσαν
534 1871 577 1879 -
605 1835 820 1917 λωφήσαντος
851 1830 956 1918 ἠρέμα
987 1841 1048 1897 τοῦ
1079 1834 1186 1917 βορρᾶ
1209 1867 1252 1876 ·-

203 1963 229 2004 ιε
242 1936 438 2024 κατατρέχει.
487 1937 619 2003 κάκεῖνο
652 1935 690 2002 δέ
718 1941 895 2024 τεκμήριόν
924 1937 993 2004 ἐστι
1022 1947 1082 2003 τοῦ
1112 1939 1155 2022 μη
1188 1936 1252 2002 ἀπὸ

242 2043 361 2128 τήξεως
383 2046 507 2128 χιόνων
528 2043 689 2123 αὔξεσθαι
713 2044 830 2128 αὐτόν,
858 2045 909 2110 ὅτι
937 2045 978 2109 οὐ
1000 2047 1129 2130 ψυχρός
1153 2044 1253 2126 ἐστιν,

242 2150 326 2216 ἀλλά
346 2152 483 2235 θερμός,
505 2149 560 2215 καί
579 2153 636 2216 διὰ
652 2159 751 2216 τοῦτο
769 2151 1036 2228 ὑπονοστοῦντος
1054 2160 1114 2217 τοῦ
1132 2150 1254 2227 ὕδατος

243 2257 428 2342 εὑρίσκεται
456 2255 510 2323 ε’πί
533 2266 591 2341 τῆς
618 2258 710 2334 ἰλύος
737 2258 802 2336 ζωοί
829 2280 904 2322 τινα
931 2257 966 2323 ἐκ
993 2257 1114 2344 μέρους
1142 2259 1254 2322 διαπε-

242 2362 412 2447 πλασμένα
434 2362 489 2429 καί
513 2364 549 2430 έκ
571 2363 692 2450 μέρους
714 2365 877 2429 κνώδαλα.
921 2363 1048 2449 πέφυκε
1071 2361 1107 2430 δὲ
1128 2365 1168 2428 τά
1186 2386 1254 2428 τοι-

203 2497 230 2536 εο
244 2477 327 2533 αὕτα
348 2473 529 2556 θερμότητι
551 2469 606 2536 καί
629 2471 786 2557 ὑγρότητι
813 2475 1066 2554 ζωογονεῖσθαι,
1095 2471 1174 2554 ὅπερ
1198 2469 1253 2534 έπί

242 2586 310 2640 τῶν
332 2576 444 2641 ἀλλων
465 2577 598 2642 ὑδάτων
621 2577 682 2642 οὐκ
705 2580 808 2642 ἔστιν·
833 2576 952 2660 ἰχθύας
974 2578 1037 2662 γὰρ
1056 2574 1111 2640 καί
1129 2578 1255 2661 μόνους

244 2685 365 2766 ἔχουσι.
411 2680 466 2746 καί
489 2683 521 2747 οἰ
543 2678 605 2766 μέν
628 2685 723 2748 ἄλλοι
747 2684 977 2766 στοχαζόμενοι
1001 2680 1167 2767 λέγουσιν,
1190 2682 1255 2766 ἐγὼ

244 2787 284 2852 δέ
302 2825 340 2834 -
360 2786 466 2872 φησὶν
488 2788 506 2853 6
525 2792 674 2874 Χρηστος
693 2825 734 2835 -
754 2790 931 2872 γενόμενος
950 2787 987 2853 έν
1004 2796 1051 2876 τῷ
1069 2788 1255 2877 ἀκροτηρίῳ

204 2922 231 2961 τι
244 2902 301 2980 τῆς
319 2896 540 2980 Μαυρουσίας
562 2893 600 2958 έν
621 2902 667 2981 τῷ
691 2897 813 2981 στομίῳ
836 2903 896 2959 τοῦ
915 2893 1094 2961 Ὠκεανοῦ’.

210 3011 228 3066 S
312 3001 383 3065 108.
399 2999 469 3066 Ὅτι
484 3001 547 3085 όπη
562 2999 605 3066 διν
618 3001 723 3087 πυρὸς
732 3002 817 3085 νομὴ
826 3005 963 3085 καίοιτο,
978 3004 1174 3088 σηραγγώδη
1184 3013 1318 3068 deesth

315 3177 339 3212 v.
357 3164 367 3211 1
390 3153 429 3212 ὧν
447 3157 482 3211 τὰ
496 3158 534 3225 Χ,
554 3156 642 3212 όντων
657 3157 690 3212 ci.
706 3159 757 3226 Rr,
776 3174 828 3229 ego
841 3158 973 3212 lacunam
986 3157 1109 3211 indicavi
1163 3163 1179 3211 2
1199 3157 1256 3212 ἰσο-

245 3234 339 3300 μαλῶν
359 3230 385 3283 Τ
402 3231 406 3298 Ι
426 3226 523 3299 κοίτην
541 3229 581 3297 A,
605 3233 697 3292 κοῖλος
715 3230 776 3283 ΒΤ
845 3235 861 3282 3
879 3228 1028 3300 συνάγεται
1047 3228 1148 3299 έναυτη
1168 3226 1257 3298 πόρος

245 3301 343 3356 λοιπὸν
361 3300 388 3355 Α
459 3307 476 3353 4
495 3297 626 3368 φαίνεται
641 3301 679 3369 Χ,
699 3298 812 3369 φέρεται
830 3299 863 3355 οἱ.
879 3302 954 3355 Hane
970 3302 973 3371 Ι
990 3301 1037 3354 καί
1055 3301 1160 3369 ταύτην
1174 3299 1254 3354 omia.

249 3374 274 3427 Τ
333 3371 399 3426 6τὸ
418 3370 516 3426 λοιπὸν
529 3402 564 3411 -
580 3377 595 3425 7
613 3371 749 3427 κάκεῖθεν
767 3371 845 3427 οωίε.
865 3372 893 3426 Β
909 3374 913 3442 Ι
929 3371 944 3427 6
962 3379 1018 3434 πᾶς
1035 3372 1101 3440 ΛΤ,
1122 3369 1164 3426 ότι
1181 3375 1257 3425 πλεῖ-

244 3459 311 3498 στον
330 3441 363 3497 ci.
383 3443 427 3497 16
502 3440 651 3514 θβαρείου
669 3443 696 3498 A
774 3449 808 3497 10
826 3441 1006 3514 ἀνεχεόμενος
1023 3444 1051 3497 Α
1124 3449 1156 3498 11
1176 3437 1259 3510 εὖρος

232 3515 275 3567 ·Τ
344 3520 376 3567 13
395 3513 603 3578 ἐξωθοῦνταΤ
672 3520 706 3568 14
724 3516 815 3586 βαρρᾶ
832 3516 860 3568 A
933 3520 966 3568 15
983 3513 1015 3568 τό
1034 3513 1071 3584 μὴ
1090 3515 1129 3583 Χ,
1150 3521 1199 3568 τοῦ
1218 3513 1257 3583 μὴ

246 3600 315 3639 corr.
334 3585 377 3640 16
449 3591 481 3639 11
503 3584 616 3641 Ovidius
634 3591 738 3642 metam.
754 3588 845 3656 γνίυιο
864 3586 892 3639 Β
909 3601 996 3655 marg.
1014 3587 1018 3655 Ι
1034 3585 1261 3648 ἀπονοστοῖντος

250 3656 275 3710 Τ
344 3661 376 3710 21
396 3653 507 3710 ὑδάτων
525 3655 603 3711 omis.
620 3658 646 3711 Τ
715 3663 749 3712 23
768 3657 883 3728 χρηστὸς
904 3657 930 3710 Τ
