2760 4234
430 303 538 357 LIBER
557 301 732 369 QUARTUS.
760 302 900 357 APRILIS
1032 303 1034 307 ’
1103 299 1165 364 117

160 479 227 532 τῶν
249 477 395 550 ποιητῶν
417 465 577 551 τέσσαρας
599 468 833 550 παραδιδόασι·
858 468 939 550 μίαν
961 461 1022 549 μὲν
1046 462 1077 541 ἐξ
1103 463 1208 528 OM

160 583 266 660 ρανοῦ
287 572 341 638 καὶ
361 572 503 659 Ἡμέρας
526 579 711 657 τεχθεῖσαν,
735 571 850 658 ἑτέραν
872 569 910 637 δὲ
933 570 965 650 ἐξ
989 569 1111 656 άφροῦ,
1135 569 1167 647 ἐξ

158 677 198 764 ῆς
220 679 275 745 καλ
290 679 413 766 Ἑρμοῦ
426 679 534 766 Ἔρως
557 678 688 764 ἐτέχθη·
711 683 826 766 τρίτην
844 680 928 755 Διὸς
950 677 1005 743 καὶ
1023 680 1168 760 Διώνης,
1228 697 1231 702 “

160 787 192 865 ἐξ
215 782 255 870 ῆς
277 785 332 852 καί
346 785 463 873 ’Ἁρεος
485 789 648 870 τεχθῆναί
668 803 771 870 φασιν
788 785 983 872 Ἀντέρωτα·
1010 786 1168 871 τετάρτην

159 895 219 977 τῆν
250 896 378 979 Συρίας
406 890 461 957 καὶ
491 893 648 977 Κύπρου,
683 894 744 976 τῆν
774 891 955 976 λεγομένην
979 890 1168 977 Ἀστάρτην.
1196 915 1208 956 ι

159 1002 254 1065 άλλοι
278 997 318 1064 δέ
337 1017 431 1083 φασι,
453 1001 588 1085 πρώτην
611 996 672 1083 μὲν
694 1009 754 1064 τοῦ
774 999 930 1083 Οὐρανοῦ
953 997 1007 1064 καὶ
1027 997 1169 1084 Ἡμέρας

160 1106 333 1192 Οὐρανίαν
354 1104 574 1190 καλουμένην,
597 1105 756 1191 δευτέραν
779 1102 816 1171 δὲ
833 1103 960 1191 Ἀφροῦ
983 1103 1037 1170 καλ
1058 1105 1169 1190 Εὐρυ-

160 1215 263 1297 νόμης
287 1222 344 1296 τῆς
357 1210 527 1295 Ὠκεανοῦ,
549 1210 604 1277 καὶ
627 1216 742 1298 τρίτην
764 1212 827 1295 τῆν
849 1218 1081 1295 συναφθεῑσαν
1096 1210 1169 1294 Ἑρ-

161 1329 205 1404 μῆ
233 1327 278 1407 τῷ
306 1322 447 1400 Νείλου,
478 1316 511 1396 ἐξ
538 1313 578 1401 ῆς
604 1316 658 1383 καὶ
687 1318 705 1384 ὁ
738 1319 891 1404 δεύτερος
909 1317 1016 1404 Ἔρως
1044 1316 1060 1382 ὁ
1088 1317 1170 1382 ὑπό-

161 1447 289 1510 πτερος,
315 1426 474 1510 τετάρτην
497 1426 581 1500 Διὸς
603 1423 658 1488 καὶ
681 1425 825 1508 Διώνης,
848 1424 891 1507 ῆν
913 1426 1033 1508 ἔγημεν
1047 1421 1169 1506 Ἥφαι-
1185 1449 1210 1488 ιο

160 1552 247 1615 στος,
271 1533 381 1618 λάθρα
405 1527 441 1596 δὲ
465 1531 547 1616 αὐτῆ
572 1531 747 1596 συνελθὼν
760 1529 861 1616 ’Ἁρης
884 1533 972 1595 ἔτεκε
989 1531 1050 1595 τὸν
1063 1528 1169 1594 Ἀντέ-

161 1663 257 1725 ρωτα.
302 1643 447 1703 καλεῖται
476 1633 513 1702 δὲ
539 1643 709 1722 πολλαχοῦ
736 1635 790 1702 καὶ
819 1637 1041 1721 Πασιφάη,·ῆ
1069 1646 1170 1702 πᾶσιν

161 1745 336 1828 έπαφιεῑσα
352 1744 414 1826 τῆν
430 1743 570 1828 ἡδονήν·
588 1741 643 1808 καὶ
658 1743 814 1827 Ἐρυκίνη
832 1745 922 1829 παρά
939 1746 976 1808 τὸ
995 1745 1072 1820 τούς
1091 1746 1170 1828 ἔρω-

161 1875 218 1928 τας
241 1860 355 1916 κινεῖν.
401 1848 456 1915 ἀπ’
481 1850 581 1934 αὐτῆς
605 1846 642 1914 δὲ
664 1849 719 1916 καὶ
733 1849 855 1934 Ἑρμοῦ
878 1851 937 1915 τὸν
951 1849 1170 1946 Ἑρμηφρόδι-

161 1981 220 2022 τον
249 1963 410 2041 τεχθῆναι
440 1958 552 2039 λόγος,
586 1948 659 2022 οἷον
684 1958 749 2046 Ιτὸν
778 1956 927 2043 εὐφραδῆ
957 1955 1012 2022 καὶ
1039 1957 1170 2022 ἀστεῖον
1185 1983 1210 2022 15

161 2066 273 2146 λόγον,
302 2065 362 2128 τὸν
390 2060 422 2139 ἐξ
451 2062 574 2146 ἡδονῆς
603 2065 640 2128 τὸ
670 2065 773 2150 τραχὺ
802 2064 1004 2146 θηλύνοντα.
1048 2065 1107 2128 τὸν
1135 2059 1172 2128 δὲ

162 2171 282 2254 ταύτης
312 2168 433 2255 ἀστέρα
462 2179 501 2255 τῆ
531 2172 651 2255 σελῆνη
681 2167 891 2256 παρέπεσθαί
917 2187 999 2254 φασι
1029 2170 1085 2234 διὰ
1114 2170 1172 2245 τὰς

161 2278 358 2362 νυκτερινὰς
376 2280 568 2360 συναφείας,
590 2277 673 2341 ὅθεν
691 2274 745 2341 καί
765 2279 861 2341 σκιάν
880 2277 982 2341 αὐτὸν
1000 2275 1173 2341 άποτελεῖν

163 2384 218 2448 διὰ
242 2385 278 2448 τὸ
303 2383 463 2465 σωμάτων
486 2378 572 2447 εἶναι
593 2385 801 2468 παρεκτικόν.
843 2384 1041 2468 λερούργουν
1060 2379 1097 2446 δὲ
1116 2381 1172 2446 αὐ-

161 2499 199 2576 τῆ
223 2499 324 2574 χῆνας
347 2486 401 2553 καὶ
422 2487 589 2574 πέρδικας,
612 2488 664 2553 ὅτι
682 2490 716 2553 αλ
734 2485 796 2574 μέν
814 2499 884 2564 τοῖς
902 2487 1001 2553 ὕδασι
1019 2492 1169 2574 χαίρουσι
1186 2515 1212 2554 ιο

162 2634 204 2643 -
228 2599 368 2678 πελαγία
391 2592 428 2660 δὲ
451 2593 666 2681 ῆἎφροδίτη
685 2633 729 2642 -
748 2596 780 2660 οἱ
803 2591 841 2660 δὲ
863 2605 935 2671 ταῖς
958 2606 1085 2679 φωναῖς
1107 2607 1174 2659 τῶν

162 2706 309 2786 θηλείων
333 2701 490 2786 άγόμενοι
514 2701 714 2767 ἁλίσκονται.
760 2711 916 2767 τοσαῦται
939 2697 1000 2786 μδν
1022 2713 1092 2778 τοῖς
1114 2723 1174 2766 πα-

162 2816 269 2886 λαιοῖς
291 2811 326 2875 αἱ
348 2808 424 2895 περὶ
443 2807 641 2895 Ἀφροδίτης
667 2811 749 2874 κατά
776 2809 925 2893 μυθικῆν
947 2806 1001 2872 καὶ
1029 2809 1175 2892 φυσικὴν

161 2921 310 3003 θεωρίαν
332 2915 435 2994 δόξαι.
482 2917 514 2980 ολ
542 2912 578 2980 δὲ
607 2919 789 3000 φιλόσοφοι
812 2917 950 3000 Διώνην
977 2916 1039 2998 τῆν
1056 2913 1174 3001 Ἀφρο-

161 3024 257 3106 δίτην
279 3017 368 3087 εἷναί
393 3039 475 3106 φασι
503 3023 565 3105 τῆν
592 3024 648 3087 διά
675 3023 810 3087 πάντων
837 3017 943 3088 οὖσαν
970 3033 1036 3087 τῶν
1065 3024 1172 3087 ὄντων
1186 3047 1213 3088 οε

162 3128 282 3212 φύσιν·
314 3135 474 3213 τεχθῆναι
502 3124 538 3192 δέ
567 3127 671 3212 αὐτὴν
699 3127 734 3192 ἐκ
764 3140 831 3194 τῶν
859 3129 1016 3214 Οὐρανοῦ
1042 3126 1174 3213 μηδέων
1290 3193 1292 3198 .

160 3234 214 3299 καὶ
238 3244 295 3318 τῆς
324 3236 511 3318 θαλάσσης,
538 3233 709 3301 τουτέστιν
737 3233 769 3313 ἐξ
798 3234 915 3320 άρτίου
942 3234 1090 3320 ἀριθμοῦ
1119 3232 1174 3298 καὶ

160 3350 330 3426 περιττοῦ·
358 3339 412 3405 καὶ
435 3349 591 3426 περιττοῦ
614 3336 676 3424 μὲν
699 3339 734 3405 ἐκ
757 3350 817 3406 τοῦ
841 3341 965 3423 είδους,
993 3339 1111 3426 άρτίου
1137 3337 1174 3404 δὲ

232 3486 288 3534 v.4
307 3477 455 3547 άνθέρωτα
470 3479 501 3532 Χ
561 3479 647 3548 ῦτῆν
662 3477 810 3547 συρλανΑ,
828 3486 877 3547 τῆς
891 3476 988 3546 ονρίοις
1002 3481 1029 3534 Β
1091 3485 1175 3534 9τοῦ

161 3551 204 3620 Χ,
227 3555 264 3624 τῷ
289 3565 357 3605 corr.
382 3549 433 3604 Gu.
453 3549 531 3605 Kroll
624 3556 655 3604 11
681 3547 829 3618 άνθέρωτα
848 3550 879 3602 Χ
968 3555 1001 3602 13
1021 3549 1126 3620 έρικίνη
1146 3552 1175 3604 Β

162 3625 196 3674 28
215 3623 263 3676 καλ
282 3621 415 3694 φυσικὴν]
435 3622 505 3690 φασὶ
523 3622 550 3675 Β
616 3627 651 3675 26
669 3625 772 3690 τεθῆνε
786 3622 814 3675 Α
878 3627 959 3688 27sq.
979 3622 1027 3676 καὶ
1045 3630 1175 3691 περιττοῦ

161 3693 246 3746 semel
265 3695 375 3746 tantum
394 3691 499 3761 legitur
517 3691 545 3745 in
566 3693 592 3746 A
