2790 4214
229 283 271 347 14
602 287 712 340 LIBER
729 287 866 342 PRIMUS
969 245 970 248 ἀ

118 455 295 512 XYCedren.
306 447 475 533 Ῥωμαίοις
485 453 658 536 ματρίκιον
670 451 707 515 τὸ
717 453 824 516 πλατὺ
834 449 888 516 καί
902 453 990 535 παχὺ
1005 450 1119 542 ξύλον·
1135 455 1167 519 ολ
1176 456 1239 541 γάρ

226 553 357 640 ἀρχαῖοι
381 554 493 634 ξύλοις
514 555 569 622 καὶ
594 562 724 642 φλοιοῖς
745 555 800 622 καλ
819 562 1010 645 φιλυρίνοις
1028 558 1141 638 πίναξι
1159 563 1241 647 πρὸς

120 667 233 726 Cedren.
244 663 377 746 γραφὴν
405 662 587 750 ἐκέχρηντο.
633 662 702 728 ἐστὶ
724 661 762 729 δὲ
784 662 839 728 καὶ
863 664 957 742 σανὶς
980 668 1156 752 φιλυρίνη,
1186 665 1235 751 ἐφ’

224 763 264 851 ἧς
286 769 327 833 τά
350 769 477 854 βήματα
499 779 557 853 τῆς
581 769 773 856 ἐλευθερίας
796 777 896 835 είωῦε
915 772 1114 856 γράφεσθαι.
1150 777 1239 838 τιλία

199 870 264 939 5οὲ
290 877 379 961 παρὰ
401 886 470 952 τοῖς
497 877 610 954 αὐτοῖς
631 877 652 960 ἡ
677 876 803 962 φιλύρα
825 877 862 942 τὸ
886 876 1002 956 ξύλον·
1030 879 1112 944 ὅθεν
1139 878 1239 957 κῦύιξ

225 982 262 1046 τὸ
285 984 427 1066 βιβλίον.
473 982 572 1062 κῶάιξ
606 980 642 1048 δὲ
672 987 795 1070 κυρίως
826 983 843 1049 ὁ
872 984 989 1070 φιτρὸς
1018 982 1094 1070 παρ’
1126 983 1239 1062 αὐτοῖς

224 1093 385 1173 καλεῖται,
413 1088 468 1154 καὶ
499 1093 591 1175 λίβερ
622 1091 659 1155 τὸ
689 1093 830 1174 βιβλίον.
885 1092 977 1175 λίβερ
1011 1087 1048 1155 δὲ
1075 1090 1092 1156 ὁ
1122 1094 1239 1174 φλοιός

225 1192 293 1260 ἐστι
320 1199 456 1282 κυρίως·
489 1206 591 1261 ταῦτα
617 1195 672 1261 καὶ
700 1199 888 1283 ματρίκιον,
920 1194 976 1261 καὶ
1003 1199 1238 1283 ματρικαριόνς

185 1303 302 1377 Χτοὺς
324 1300 528 1388 ξυλουργοὺς
550 1308 720 1369 καλοῦσιν.
761 1303 844 1369 ὅθεν
863 1306 910 1368 ἔτι
929 1301 985 1369 καὶ
1002 1312 1067 1368 νῦν
1085 1305 1149 1389 πρὸ
1171 1315 1238 1369 τῶν

185 1427 210 1466 10
224 1406 360 1472 ὑπάτων
377 1407 566 1495 ἐπιφέρεται
585 1409 602 1475 ὁ
618 1412 795 1494 λεγόμενος
812 1418 872 1474 τοῦ
891 1412 1078 1495 πραίτωρος
1096 1413 1237 1495 σκρίβας.

162 1515 333 1602 ΒῩχρόνφ
357 1511 394 1579 δὲ
416 1514 557 1601 ὕστερον
576 1515 593 1581 ὁ
613 1520 819 1600 Πτολεμαῖος
842 1517 1128 1600 συμβουλεύοντος
1149 1516 1238 1604 αὐτῷ

219 1616 436 1706 Ἀριστάρχου
454 1631 514 1686 τοῦ
533 1631 759 1708 γραμματικοῦ
773 1622 834 1705 τὴν
844 1620 1011 1706 Ῥωμαίων
1024 1621 1237 1689 ἀσπάσασθαι

223 1729 427 1810 προστασίαν
449 1738 578 1813 πρῶτος
598 1728 722 1812 χάρτην
741 1727 935 1804 ἀποστείλας
953 1729 1015 1810 την
1029 1727 1156 1813 Ῥώμην
1173 1728 1237 1808 ἐξέ-

223 1848 325 1896 νισεν.
362 1831 643 1917 ἀντευύοκιμεῑται
663 1830 700 1898 δὲ
718 1834 806 1918 ὅμως
827 1835 917 1920 παρὰ
934 1843 995 1899 τοῦ
1014 1839 1236 1919 Περγαμηνοῦ

184 1963 210 2004 15
218 1933 391 2021 Ἀττάλου,
416 1940 587 2024 Κράτητος
611 1949 671 2005 τοῦ
696 1949 923 2025 γραμματικοῦ
947 1939 1157 2024 ἡγησαμένου
1179 1951 1236 2025 τῆς

223 2044 371 2128 σπουδῆς
393 2045 476 2131 πρὸς
495 2047 568 2132 έριν
586 2043 804 2133 Ἀριστάρχου
827 2056 887 2112 τοῦ
907 2045 1100 2130 ἀντιτέχνου
1119 2048 1234 2115 αὐτοῦ·

223 2147 367 2236 δέρματα
376 2153 439 2237 γάρ
449 2154 489 2217 τά
504 2152 539 2218 ἐκ
553 2153 730 2239 προβάτων
744 2152 903 2232 ἀποξύσας
918 2155 964 2230 εἰς
978 2153 1099 2218 λεπτὸν
1113 2155 1235 2220 ἔστειλε

222 2269 292 2335 τοῖς
306 2257 476 2344 Ῥωμαίοις
498 2261 538 2326 τά
561 2263 722 2346 λεγόμενα
744 2259 820 2347 παρ’
845 2260 957 2336 αὐτοῖς
980 2259 1164 2346 μέμβρανα·
1188 2263 1234 2338 εἰς

222 2367 355 2450 μνήμην
377 2363 413 2431 δὲ
431 2376 492 2432 τοῦ
515 2366 770 2444 ἀποστείλαντος
794 2370 842 2432 ἔτι
865 2365 920 2433 καί
941 2375 1006 2431 νῦν
1024 2365 1175 2452 Ῥωμαῖοι
1193 2369 1234 2432 τά

184 2495 210 2534 ω
223 2470 395 2558 μέμβρανα
409 2475 613 2559 Περγαμηνοὶ
631 2479 799 2541 καλοῦσιν.

183 2589 208 2642 Χ
288 2577 340 2641 29.
354 2576 477 2644 Ἰστέον
500 2575 537 2643 δὲ
550 2578 719 2664 Ῥωμαίοις
737 2581 774 2644 τὸ
798 2589 925 2645 κανοῦν
944 2577 997 2644 ἐπὶ
1017 2576 1079 2663 μὲν
1098 2589 1165 2643 τῶν
1179 2589 1283 2658 RrI‚25
1376 2565 1378 2580 ’

224 2683 322 2766 ἱερῶν
345 2684 527 2770 σατούραν,
557 2683 610 2748 ἐπὶ
634 2682 671 2750 δὲ
693 2696 761 2750 τῶν
784 2684 932 2769 εὐωχιῶν
956 2684 1167 2770 ἐπουλαρίαν,
1190 2685 1233 2768 ἣν

221 2788 409 2874 ἀπαλαρίαν
444 2791 477 2853 οἱ
512 2788 630 2855 πολλοὶ
667 2789 699 2869 ἐξ
736 2789 872 2873 ἀγνοίας
907 2793 1233 2879 προσαγορεύουσιν·

222 2893 364 2971 ἐπούλας
385 2897 448 2979 γάρ
471 2896 528 2971 τὰς
551 2894 688 2980 εὐωχίας
706 2895 875 2980 Ῥωμαίοις
898 2899 977 2975 ἔθος
1000 2904 1121 2965 καλεῖν.

291 3177 315 3212 v.
336 3164 350 3211 1
370 3157 525 3226 ματράκιον
542 3159 573 3213 τὸ
592 3160 668 3228 παχύ
686 3160 735 3213 καλ
752 3161 841 3214 πλατύ
860 3160 888 3212 Β
915 3180 969 3229 ματ
987 3158 1061 3216 ίκιον
1083 3162 1114 3216 τὸ
1138 3163 1228 3216 πλατύ

220 3231 302 3296 ξύλον
325 3231 374 3284 καί
396 3229 471 3299 παχύ
494 3229 635 3299 cedwal!
661 3229 735 3285 ολ
706 3251 808 3300 γαρ-
774 3237 839 3283 3
857 3248 1049 3322 προσγράφοις
1071 3231 1226 3314 ἐκέχρηντο.

220 3301 277 3356 ἐστὶ
302 3299 381 3356 ῦὲ-
396 3304 570 3356 9καλοῦσιν.
590 3301 703 3355 Oedren.
726 3303 730 3372 Ι
753 3299 795 3355 ὅτι
821 3301 849 3356 οἱ
873 3321 923 3370 μεν
942 3301 1054 3373 ἀρχαῖοι
1076 3303 1178 3385 inclpit
1204 3304 1233 3356 Y

221 3369 410 3441 λφελυρίνοις
428 3372 464 3441 A,
483 3369 651 3497 φιλυρίναιςό
660 3373 688 3425 Β
759 3370 908 3426 θὸῦεν-
920 3379 952 3427 10
971 3371 1051 3445 σκρίβ
1034 3375 1086 3445 βας
1104 3374 1182 3429 omis,
1202 3376 1232 3428 Y

222 3449 254 3496 10
273 3414 464 3524 πραίτοροςΒ
550 3450 582 3498 11
601 3440 651 3513 χρύ
653 3464 736 3505 νω-
702 3447 991 3499 -2οκαλοῦσινοοω
1006 3444 1032 3498 le
1072 3448 1139 3499 ntur
1152 3445 1227 3514 1nA

220 3513 299 3568 uncis
320 3515 435 3570 seclusit
453 3517 489 3583 Β,
507 3518 572 3584 post
590 3518 721 3570 καλοῦσιν
739 3515 826 3570 habet
814 3518 1036 3584 λπτολεμαῑοςὸ
1064 3515 1163 3585 ἐφεῦρε
1177 3516 1227 3570 τὸν

220 3583 324 3656 χάρτην
343 3586 375 3638 Χ
463 3593 496 3640 12
514 3595 564 3641 τοῦ
579 3586 656 3641 omis
671 3587 701 3640 D
792 3593 825 3640 14
822 3586 933 3667 παρὰ]
951 3587 1016 3655 περὶ
1033 3588 1063 3640 Β
1084 3588 1154 3656 πρὸς
1167 3586 1228 3641 ΒΘ

220 3662 254 3710 20
273 3656 404 3710 καλοῦσιν
426 3657 544 3726 reliqua
580 3657 664 3711 huius
684 3656 751 3710 libri
774 3657 852 3712 omia.
876 3658 905 3711 Y
