2790 4214
527 252 635 308 LIBER
653 251 807 307 TERTIUS
1127 250 1171 316 45

160 416 215 484 καὶ
239 416 298 483 νέα
319 417 339 502 ἡ
362 418 475 504 πρώτη
499 425 559 483 τοῦ
582 417 685 501 μηνὸς
702 417 792 501 παρὰ
805 413 973 499 Ἀττικοῖς,
996 413 1054 499 ἕνη
1073 411 1111 480 δὲ
1128 414 1149 497 ή
1164 422 1277 479 cedson.

160 528 339 590 τελευταία.
379 524 558 600 Καλάνδας
574 519 611 588 δὲ
630 522 731 599 αὐτάς
750 523 782 588 οἱ
795 520 930 588 παλαιοὶ
943 525 1277 608 προσημόρευ-ΧΥΗΒ

162 648 225 696 σαν
239 629 271 709 ἐξ
286 629 458 715 ἑλληνικής
472 634 641 715 σημασίας,
656 629 720 695 άπὸ
733 639 795 695 τοῦ
812 635 926 695 καλελν
943 630 1002 695 τὸν
1021 629 1173 716 ἀρχιερέα

161 738 223 821 τὴν
252 739 380 822 βουλήν
407 737 444 802 ἐν
470 747 509 824 τῇ
536 735 696 823 λεγομένῃ
724 739 886 823 Καλαβρᾷ
915 739 1083 822 βασιλικῇ,
1116 735 1173 802 καὶ

161 847 350 929 σημαίνειν,
380 849 445 910 είτε
474 844 535 929 χρή
565 844 647 908 κατὰ
675 844 736 927 τήν
765 853 964 927 πεμπταῖον,
994 849 1060 909 εἴτε
1090 845 1173 908 κατὰ
1199 861 1212 902 ο

161 953 223 1036 τήν
246 953 423 1036 διχότομον
444 960 502 1034 τῆς
525 953 664 1034 σελήνης
682 947 864 1015 ἐπιτελέσαι
878 949 939 1032 τήν
956 961 1024 1015 τῶν
1042 954 1173 1016 Νωνῶν

163 1057 295 1145 ἑορτήν,
327 1057 360 1137 ἐξ
387 1053 427 1142 ἧς
458 1059 519 1142 τήν
550 1059 754 1141 μεσομηνιάν
790 1054 980 1142 ἐπετήρουν.
1030 1054 1084 1120 ἐπὶ
1111 1052 1172 1139 μέν
1186 1070 1266 1125 XYS

162 1167 225 1250 γάρ
249 1177 316 1230 τῶν
338 1175 452 1249 μηνῶν
474 1174 542 1228 τῶν
564 1165 613 1227 ἔτι
639 1159 695 1227 καὶ
722 1171 787 1227 νῦν
812 1163 870 1237 τὰς
894 1163 1088 1244 σεληνιακδς
1111 1178 1173 1226 σιο-

163 1274 286 1351 ζόντοιν
313 1269 427 1355 ἑορτάς
456 1271 637 1353 πεμπταίας
665 1269 724 1344 τὰς
745 1269 868 1344 Νάνας
895 1266 1064 1350 ἐσήμαινε,
1092 1265 1169 1332 καθ’

164 1377 203 1454 ἃς
225 1375 279 1443 ἐπὶ
301 1386 359 1461 τῆς
380 1375 649 1462 τρισκαιδεκάτης
670 1372 726 1439 καὶ
748 1385 875 1459 μοιρῶν
901 1397 1018 1458 τινων,
1046 1373 1087 1438 οὐ
1113 1374 1175 1456 τήν
1188 1403 1214 1441 ιο

163 1493 224 1548 τοῦ
255 1484 378 1566 φωτός,
406 1481 490 1547 ἀλλά
516 1482 578 1565 τήν
604 1489 664 1546 τοῦ
692 1485 889 1564 σεληνιακοῦ
917 1480 1175 1564 σώματοςείκός

164 1586 232 1653 ἐστι
273 1586 464 1674 συντρέχειν
504 1590 674 1672 μεσότητα.
731 1587 749 1654 ὁ
785 1588 849 1672 γάρ
885 1598 953 1653 τῶν
992 1587 1175 1671 δεκατριῶν
1188 1597 1244 1652 ΧΥ

164 1693 308 1779 ἀριθμὸς
331 1692 529 1777 συνέστηκεν
547 1693 583 1759 ἐκ
601 1705 668 1760 τῶν
686 1695 826 1779 πρώτων
843 1694 942 1760 δυοῖν
958 1694 1175 1778 τετραγώνων

166 1809 227 1866 τοῦ
241 1799 382 1885 τέσσαρα
394 1798 450 1865 καὶ
464 1810 524 1867 τοῦ
539 1799 634 1866 ἐννέα
649 1838 691 1846 -
706 1799 823 1885 ἀρτίου
836 1824 871 1866 τε
889 1798 945 1866 καὶ
962 1809 1117 1886 περιττοῦ
1131 1837 1175 1848 -·-

164 1908 308 1993 πλευράς
340 1906 484 1991 ἐχόντων
516 1916 578 1972 τοῦ
614 1903 675 1990 μὲν
711 1906 828 1992 άρτίου
863 1908 901 1972 τὸ
932 1906 1050 1972 ὑλικὸν
1086 1901 1176 1983 εἶδος
1188 1925 1214 1966 1⁵

166 2013 283 2095 δυάδα,
306 2022 365 2078 τοῦ
389 2009 426 2078 δὲ
448 2022 603 2099 περιττοῦ
625 2015 687 2098 τήν
708 2014 909 2100 δραστήριον
933 2012 1025 2079 ἰδέαν
1047 2013 1175 2099 τριάδα.

166 2114 263 2195 οὗτος
292 2114 355 2185 οὖν
384 2119 401 2186 ὁ
429 2118 615 2205 άρνῦμὸςή
643 2123 778 2204 μεγίστη
808 2118 863 2184 καλ
892 2119 1077 2203 τελειοτάτη
1107 2130 1175 2184 τῶν

167 2223 290 2311 ἑορτῶν
312 2223 428 2309 μέμονε
450 2236 520 2302 τοῖς
546 2224 696 2311 ἄρχαίοις
724 2225 921 2311 ἐπιτήρησις.
966 2225 987 2308 ἡ
1010 2227 1073 2310 γάρ
1096 2247 1173 2290 πεν-
1186 2240 1266 2296 XYS

165 2333 374 2415 τεκαιδεκάτη
395 2333 483 2417 παρά
501 2335 619 2416 μοίρας
636 2330 670 2410 ’ἐξ
689 2334 811 2417 κυρίοις
834 2329 924 2397 ἐστίν
941 2331 962 2414 ή
981 2335 1174 2415 μεσομηνία,

166 2438 269 2504 αὐτοῦ
287 2440 351 2525 γάρ
374 2447 434 2504 τοῦ
457 2441 566 2522 φωτός
587 2437 677 2503 ἐστιν
695 2437 718 2521 ή
734 2440 881 2522 μεσότης.
918 2439 1001 2504 ὅθεν
1017 2435 1073 2502 καὶ
1091 2439 1175 2515 Διὸς
1189 2459 1215 2500 ιο

166 2545 271 2628 αὐτήν
289 2543 406 2630 ἑορτήν
425 2536 498 2610 οἷον
512 2544 632 2610 Ἡλίου
649 2547 852 2628 νενομίκασι,
876 2543 921 2609 δι’
940 2540 980 2610 οὗ
1000 2545 1176 2630 σάμφαμεν

166 2656 368 2736 φωτίζεσθαι
390 2652 451 2735 τήν
469 2653 632 2736 Σελήνην.
678 2650 731 2716 ἐπὶ
750 2647 787 2716 δὲ
809 2662 877 2717 τῶν
898 2650 1044 2735 ἡλιακῶν
1061 2663 1176 2736 μηνῶν

236 2862 260 2897 v.
278 2849 291 2896 1
307 2845 359 2898 ’καὶ
378 2840 428 2899 νέοι
442 2875 476 2884 -
492 2850 507 2896 2
525 2841 668 2898 τελευταία
692 2842 790 2897 addidi
814 2860 829 2897 e
847 2842 967 2914 Georgio
986 2843 1111 2900 Cedreno
1131 2845 1174 2898 ed.

167 2913 254 2968 Bonn.
273 2932 300 3004 ρ.
315 2919 376 2981 296,
391 2929 429 2970 22:
453 2913 495 2969 ὅτι
517 2912 568 2971 νέα
587 2947 621 2955 -
640 2914 706 2984 ἔννη
729 2912 761 2969 δὲ
784 2913 802 2983 ἡ
824 2913 974 2969 τελευταία.
1011 2913 1136 2984 καλάνδη
1157 2915 1175 2984 ἡ

167 3003 310 3053 νεομηνια,
329 2985 385 3040 ἀπὸ
399 2994 448 3040 τοῦ
462 2988 557 3041 καλεῖν
574 3002 630 3054 θσε,
702 2991 720 3038 4
738 2985 769 3040 ἐν
782 2993 815 3056 τῇ
825 3017 859 3026 —-
869 2987 996 3057 βασιλικῇ
1010 2985 1088 3040 omia.
1108 2985 1174 3056 YSQ

167 3056 291 3126 καλαβρή
310 3056 341 3110 X
357 3055 481 3127 καλάβρη
501 3058 552 3126 Ηή
568 3058 616 3111 καὶ
635 3054 780 3125 σημαίνειν
799 3055 877 3110 omis.
897 3057 927 3110 Y
994 3063 1010 3112 5
1029 3054 1096 3111 πότε
1115 3059 1175 3125 (p'ro

168 3125 232 3196 εἴτε)
257 3135 308 3197 χρῆ
334 3129 445 3208 (χρήνοιι
468 3128 510 3197 F)
537 3127 609 3182 κατὰ
634 3127 685 3196 τὴν
710 3126 799 3195 (omis.
820 3128 869 3197 M)
897 3126 1045 3199 διχοτόμον
1072 3129 1127 3180 κτλ.Ι
1151 3127 1180 3180 Y

168 3203 184 3250 6
203 3195 311 3253 νόννιον
334 3198 438 3252 emilia
456 3215 539 3267 saepe
563 3197 671 3253 codices
695 3214 789 3252 omnes
862 3203 878 3252 8
897 3197 937 3252 ἔτι
955 3200 1003 3253 καὶ
1026 3206 1079 3252 νῦν
1098 3196 1176 3252 omis.

172 3268 225 3324 Ys
299 3274 314 3322 9
333 3267 477 3325 ἐπετέλουν
500 3270 534 3337 Y,
557 3268 707 3339 ἐσήμαινον
725 3269 753 3336 Β,
776 3268 907 3337 ἐσήμαινε
926 3269 958 3323 Χ
1033 3275 1064 3322 11
1085 3267 1178 3336 φωτὸς

168 3339 205 3401 ὡς
222 3338 329 3409 είρητοιι
347 3339 415 3394 ἀλλὰ
433 3341 473 3411 δή
492 3341 543 3409 τὴν
561 3340 639 3395 omis.
653 3341 680 3395 A
754 3346 786 3393 12
806 3341 821 3396 ὁ
840 3338 892 3410 χδιρ
912 3372 945 3380 -
965 3344 998 3392 18
1017 3337 1175 3408 ἐπιτήρησις

169 3410 310 3465 desuntS
388 3417 420 3465 13
439 3420 494 3466 τῶν
512 3411 591 3466 omis.
610 3413 639 3466 Y
660 3415 664 3481 Ι
689 3413 768 3465 δυεῖν
786 3411 813 3464 Α
895 3416 928 3464 16
948 3407 1118 3479 δραστηρίαν
1137 3411 1174 3481 Χ,

168 3481 335 3550 δραστήριον
353 3482 411 3536 YB
479 3488 512 3535 17
531 3479 593 3554 οὖν]
613 3482 665 3553 γὰρ
679 3482 746 3536 DE
816 3487 849 3535 18
868 3480 1050 3548 ἑορταστιιιῶν
1066 3486 1176 3537 θυσιῶν

174 3552 207 3620 Y,
221 3551 323 3620 ἑορτῶν
337 3554 369 3607 Χ
383 3555 387 3623 Ι
402 3554 450 3608 καλ
464 3551 559 3623 ηδιρθ
614 3559 646 3608 19
665 3552 742 3621 παρὰ
756 3550 855 3621 μοίρας
868 3551 896 3617 ἓξ
911 3551 988 3606 omiS.
1009 3553 1038 3606 Y
1083 3559 1116 3607 21
1132 3551 1172 3608 δι’

169 3619 202 3677 οδ
218 3655 250 3663 -
266 3630 300 3677 22
318 3623 446 3694 Σελήνην
464 3623 583 3679 omis.S
653 3629 686 3678 22
706 3632 800 3694 μηνῶν
819 3622 897 3678 οιιιίε.
914 3623 948 3678 Χ
956 3624 986 3677 Y
