2788 4222
562 261 765 318 PRAEFATIO
1087 263 1172 318 XLIX

205 429 288 488 Oeds.
302 449 330 505 p.
342 432 482 504 294,11;
503 429 546 490 ὅτι
564 428 635 506 κάρ·
749 433 888 507 excerpta
907 434 977 492 sunt
1000 451 1015 490 ο
1039 432 1093 508 ΠΙ,
1117 435 1172 507 1ος

156 541 230 596 μινα
244 550 286 559 -
302 518 422 596 μαντεία
438 544 479 568 =
500 518 545 578 ed.
562 521 635 592 180,
694 520 730 580 of.
746 519 790 578 ed.
805 539 833 596 p.
850 523 901 582 49.

157 610 288 667 20-21
314 601 385 688 (frg.
408 609 463 667 ino.
489 607 547 666 sed
566 603 607 686 9).
738 628 767 684 p.
778 609 852 684 295,
864 612 882 667 7
889 630 896 668 :
919 606 963 668 ὅτι
979 600 1116 687 Ῥωμαῖοι
1130 641 1172 652 —-

193 693 635 776 13ιότιτὴνπρώτηντοῦμηνδς
694 695 863 776 αὐτόχθονα
896 723 939 746 =
971 697 1015 758 οδ
1053 719 1081 774 p.
1122 700 1173 774 63,

151 777 291 892 Ῥμμαῖοι
321 784 469 857 καλάνδας
500 789 635 846 καλοῦσι
698 789 738 846 10
755 804 823 862 app

158 871 268 945 νόννας
287 868 319 932 δὲ
337 895 387 934 και
377 871 502 946 εἰδοῦς
520 870 614 934 ἐπί
583 895 636 952 μεν
741 877 796 934 10:
822 874 962 936 Δίων-
920 873 1173 955 -γίνεσθαι-
1132 901 1173 910 ·-

151 953 342 1042 Ιανουαρίου
360 960 410 1022 καί
430 962 636 1070 Φεβρουαρίου
696 963 740 1024 οδ
759 983 787 1040 p.
804 965 1006 1039 66,12-17.

152 1043 323 1130 Ἀπριλλίου
337 1072 366 1111 τε
382 1049 431 1111 καί
447 1043 540 1112 ’ίΙουν
538 1073 574 1113 ου
526 1049 638 1111 ίκαλ
742 1054 796 1111 15:
818 1052 1032 1133 Φεβροόαν-
1043 1058 1176 1133 καθᾶραι

158 1138 335 1220 Αὐγούστου
362 1138 412 1200 καλ
434 1140 637 1220 Σεπτεμβρίου
698 1140 799 1200 =ed.
818 1160 846 1216 p.
867 1144 948 1217 83,2
964 1160 1031 1217 app.

159 1226 210 1288 καί
222 1221 400 1308 Ὀκτωβρίων
423 1226 473 1290 καὶ
487 1229 603 1308 Νοεβρί
602 1249 638 1288 ου
744 1232 799 1287 21:
823 1227 868 1291 ὅτι
899 1227 951 1288 τὸν
981 1230 1109 1311 Μάρτεμ
1133 1263 1174 1272 -

158 1315 212 1388 τδις
244 1313 297 1395 μὲν
329 1315 439 1390 νόννας
470 1314 587 1396 λέγουσι
616 1311 639 1376 ε’
698 1316 879 1396 ζωογονικήν
909 1343 950 1366 =
980 1317 1023 1378 οδ.
1061 1339 1089 1394 p.
1125 1322 1175 1393 91,

160 1414 212 1465 τοῦ
227 1404 331 1483 μηνός,
353 1404 405 1478 τὰς
428 1401 460 1465 δὲ
483 1400 638 1477 είδοῢς
601 1428 630 1485 ty
699 1408 739 1464 25
760 1425 827 1480 app.

159 1503 212 1554 τοῦ
236 1493 345 1573 μηνός,
371 1492 420 1554 ἐπὶ
442 1490 474 1557 δὲ
497 1494 638 1576 Μαρτίου
741 1514 770 1570 p.
786 1496 860 1569 296,
871 1495 904 1554 3:
935 1491 980 1554 ὅτι
1006 1491 1109 1574 κε’ρδος
1133 1527 1175 1541 ·-

160 1581 211 1642 καί
234 1584 340 1642 Μαΐου
367 1581 417 1643 καί
443 1575 566 1644 Ἰουλίου
589 1581 640 1644 καὶ
697 1539 1016 1661 ἐτιικειμλνόυ--οδηρ
1024 1586 1065 1643 74
1068 1587 1176 1660 ‚.9app

162 1670 346 1752 Δεκεμβρίου
374 1669 426 1744 τδις
452 1668 506 1749 μὲν
529 1670 639 1782 νόννας
744 1674 778 1744 9.
802 1669 846 1731 ότι
864 1670 1176 1753 οπαθάριυς-πρυσ-

161 1757 216 1835 τὴν
246 1753 270 1831 ξ
298 1767 351 1819 τοῦ
386 1758 494 1838 μηνός,
527 1759 578 1832 τὰς
608 1756 640 1820 δὲ
699 1759 950 1838 φωνησις-οδ.
969 1781 997 1838 p.
1013 1763 1176 1836 86,24-

162 1847 260 1920 είδοῦς
293 1846 349 1926 την
386 1844 420 1908 ιε’
454 1857 506 1909 τοῦ
538 1847 640 1928 μηνός.
699 1853 750 1925 87,
761 1852 791 1908 2.

161 1935 310 2010 καλάνδας
332 1937 435 1998 τοίνυν
455 1931 640 2019 Ἰανουαρίου
745 1943 800 1997 11:
820 1935 864 1997 ότι
878 1930 1177 2017 Ῥωμαῖοι-καλοῦ·

161 2023 306 2106 εὑρίσκων
328 2024 383 2103 τὴν
406 2021 435 2086 α’
455 2019 640 2108 Ἰανουαρίου
700 2045 813 2087 σιν-
772 2053 813 2062 -
838 2027 882 2086 ed.
906 2048 934 2103 p
951 2031 1003 2102 87,
1015 2030 1131 2086 7-12.

163 2114 306 2192 νομίσεις,
342 2113 383 2174 ἔτι
413 2110 445 2174 δὲ
472 2114 529 2196 πρὸ
553 2123 641 2196 τριῶν
745 2119 800 2177 16·
847 2114 890 2176 ὅτι
936 2115 1088 2197 σώφρονες
1135 2149 1176 2158 ·-

163 2201 217 2280 τὴν
232 2203 332 2310 τρίτην
346 2202 395 2264 καί
413 2202 470 2284 πρὸ
489 2227 558 2281 μιας
571 2226 641 2265 νον
702 2205 914 2285 Φαίδρας-τ
952 2206 995 2263 ed.
1038 2226 1066 2281 p.
1105 2208 1178 2280 178,

162 2299 224 2352 νῶν
244 2284 435 2372 Ἰανουαρίων
459 2291 512 2370 την
531 2287 568 2372 δ’,
591 2292 640 2354 διδι
702 2297 740 2353 11
771 2313 842 2402 appr}
868 2289 939 2376 (fig.
967 2294 1023 2352 ine.
1051 2293 1110 2352 sed.
1136 2289 1177 2372 1)

162 2379 194 2439 τὸ
217 2375 316 2458 τὴν
294 2401 326 2458 ε,
356 2377 396 2453 ὡς
419 2379 548 2460 ἔφημεν,
571 2380 640 2441 νόν·
747 2386 801 2442 19:
825 2379 869 2440 ότι
892 2383 1021 2441 Ηαω-
1038 2381 1178 2462 δημιουρ·

162 2491 219 2574 νμν
242 2473 404 2530 καλεῖσθαι.
441 2468 511 2548 μετὰ
531 2467 616 2530 δὲ
586 2493 640 2547 την
699 2469 886 2552 y3g3e6g=
844 2471 942 2529 ·-.ed
956 2491 985 2547 p.
998 2473 1058 2530 111
1063 2475 1178 2549 ,lapp

163 2551 186 2616 ε’
213 2557 307 2631 εἴποις
340 2555 378 2617 33
408 2551 522 2638 πρδ’
492 2581 512 2636 η
553 2558 641 2619 εἰδῶν
745 2562 801 2619 22:
826 2557 871 2618 ὅτι
893 2555 985 2620 363‘
967 2583 986 2636 η
1010 2559 1111 2641 πρώτη
1126 2569 1178 2620 τοῦ

160 2639 396 2758 Ἰανουαρίων,”
376 2669 471 2728 ημουν
484 2641 560 2732 335'
574 2647 642 2708 τού·
701 2647 794 2728 μηνὸς
817 2646 895 2728 παρὰ
921 2640 1074 2725 Ἀττικοῖς,
1107 2671 1178 2760 εννη

163 2756 226 2814 του,
248 2759 299 2796 και
289 2733 377 2897 ’ἕξπρδ
401 2733 472 2796 ἑπτὰ
494 2735 584 2797 πάλιν
605 2747 641 2848 τη
701 2733 773 2796 33‘
756 2761 775 2816 η
798 2737 952 2797 τελευταία.
998 2734 1176 2817 καλάνδη
1158 2761 1178 2815 η

164 2818 199 2902 ξ,
220 2822 307 2884 καὶὲ
308 2824 360 2933 ἕης
385 2822 507 2905 δμοίως,
537 2824 635 2885 διὰ
609 2848 641 2886 το
701 2826 855 2906 νεομηνία,
878 2823 936 2886 άπὸ
961 2835 1014 2886 τοῦ
1033 2823 1179 2886 καλεῖνέν

164 2911 218 2990 την
255 2907 293 2993 ιμ’
326 2906 510 2995 Ἰανουαρίου
542 2914 640 2988 είδοῦς
700 2915 840 3025 αὐτην
789 2913 840 2975 τόν
859 2912 977 2995 ίερία
950 2937 1001 2976 τον
1017 2914 1114 2994 δῆμον
1129 2911 1180 2975 καλ

161 2994 345 3082 Ἰανουαρίου
369 2999 513 3084 λέγεσθαι.
540 3001 595 3114 την
609 2999 641 3063 δὲ
699 3003 852 3113 κηρύττειν
888 3000 996 3080 την
978 3001 1090 3084 ημὲραν
1126 3011 1178 3081 τῆς

165 3084 203 3149 ιδ’
226 3090 331 3150 τούτου
354 3090 448 3165 είποις
466 3089 504 3152 δν
525 3089 582 3174 πρὸ
598 3087 641 3152 ιθ
699 3092 824 3172 νόννας,
856 3089 885 3165 ἐξ
918 3082 954 3169 ἧς
986 3087 1177 3169 ἐδηλοῦτοτ
1160 3114 1179 3168 η

164 3178 319 3239 καλανδῶν
345 3181 561 3262 Φεβρουαρίυυ,
586 3181 641 3260 τὴν
701 3179 864 3262 μεσομηνία
845 3204 874 3254 α,
892 3177 931 3258 33
950 3178 1034 3241 αὐτοὶ
1048 3178 1177 3258 πατρίως

166 3263 197 3326 δὲ
221 3262 255 3327 ιε’
276 3267 334 3348 πρὸ
353 3262 401 3346 ιη’,
424 3268 474 3329 καί
487 3267 554 3348 ἑξῆς
568 3269 641 3335 κατὰ
700 3271 798 3343 εἰδοῢς
809 3269 1086 3351 προσαγορεύουσιν.
1107 3265 1179 3327 33-

165 3353 216 3416 τδν
239 3355 349 3436 τρόπον
363 3355 445 3438 μέχρι
458 3367 510 3437 τῆς
524 3359 642 3439 πρώτης
702 3381 736 3419 ον
747 3358 790 3419 ὅτι
801 3359 938 3438 Μάρτιος
949 3355 999 3423 καλ
1013 3356 1116 3430 Μάϊος
1130 3355 1181 3417 καὶ

168 3445 386 3526 Φεβρουαρίον·
410 3440 470 3506 εἶτα
493 3443 567 3528 ἐρεῖς
589 3471 642 3508 κα-
697 3440 820 3519 Ἰούλιος
842 3445 891 3506 καί
908 3440 1081 3527 Ὀκτώβριος
1094 3444 1180 3526 ἕβδο-

164 3532 275 3606 λάνδας
284 3534 548 3616 Φεβρουαρίου,ί’τι
557 3533 643 3596 δὲκαὶ
702 3536 791 3613 μαίας
813 3533 911 3614 ἔχουσι
933 3533 984 3606 τδις
1007 3533 1117 3608 νόννας
1131 3533 1181 3595 καλ

164 3619 214 3682 ἐπὶ
225 3631 284 3682 τῶν
294 3620 392 3684 άλλων
408 3633 511 3702 μηνῶν
527 3623 643 3704 ὁμοίως.
701 3623 990 3697 πεντεκαιδεκαταίας
1005 3622 1055 3697 τδις
1070 3624 1178 3702 είδοῦς,

219 3733 302 3772 Ianus
316 3733 350 3772 od.
365 3733 515 3774 Wuensch.
1004 3723 1022 3777 d
