2790 4214
407 272 516 327 LIBER
534 273 710 339 QUARTUS.
737 275 937 331 IANUARIUS
1091 301 1092 304 ’
1136 276 1178 341 73

170 445 251 504 σθαι
278 437 334 503 διὰ
361 438 423 520 τὴν
445 437 622 523 ἀνώμαλον
644 437 755 504 αὐτῶν
778 439 901 524 φοράν·
931 438 985 504 ‘gv
1007 447 1067 527 μιᾷ
1088 441 1151 527 γάρ
1159 441 1218 525 ’,Χ

170 545 214 621 ὡς
236 547 299 628 ἔφη
322 568 382 626 τις,

916 652 1021 740 ὑμέσι

258 759 317 823 τὸν
340 753 401 841 μὲν
422 762 580 823 καθεῖλεν
601 757 744 842 ὑψόθεν,
766 759 826 824 τὸν
849 758 881 824 δ’
908 755 960 845 ἦρ’
989 762 1068 845 άνω,

169 865 310 948 μηδενὸς
333 862 370 928 έν
392 863 494 952 ὁμοίῳ
523 867 711 948 πεφυκότος
740 862 854 950 μένειν
883 877 950 932 τῶν
980 866 1055 954 παρ’
1089 868 1180 953 ἡμῖν,
1208 893 1221 934 5

170 969 253 1036 ἀλλά
284 972 457 1046 παντοίαις
488 971 751 1054 μεταβάλλοντος
782 983 928 1057 τροπαῖς.
980 972 1000 1056 ἢ
1031 974 1093 1038 οὑκ
1122 976 1180 1060 άρ-

169 1100 284 1163 χοντες
310 1073 372 1161 μὲν
399 1075 431 1155 ἐξ
456 1077 613 1160 ἰδιωτῶν,
642 1078 770 1142 ἰδιῶται
799 1074 837 1143 δὲ
859 1077 892 1156 ἐξ
916 1079 1102 1165 ἀρχόντων,
1124 1081 1180 1146 πέ-

170 1207 266 1267 νητες
293 1179 329 1249 δέ
358 1182 393 1248 έιι
420 1187 591 1247 πλουσίων
613 1180 669 1247 καί
692 1182 727 1248 έκ
749 1186 901 1268 πενήτων
923 1189 1180 1271 πολυχρηματοι,

169 1288 225 1354 καὶ
253 1288 382 1368 ἔνδοξοι
409 1285 471 1373 μέν
494 1287 526 1366 έξ
553 1289 782 1373 ἠμελημένων,
810 1289 1063 1374 ἐπιφανέστατοι
1087 1289 1125 1357 δέ
1148 1292 1180 1371 ἐξ

171 1394 300 1474 ἀδόξων
330 1399 497 1478 γίνονται;
529 1397 662 1480 χείρους
693 1396 726 1460 οἱ
753 1405 814 1461 τοῦ
846 1397 993 1462 πλούτου
1024 1400 1114 1484 παρὰ
1143 1400 1180 1464 τὸ
1195 1425 1222 1464 1⁰

117 1512 241 1565 RrIIIl9
255 1500 377 1585 μέτρον
391 1499 571 1584 ἐφιέμενοι,
588 1505 732 1578 πλοῦτος
746 1503 809 1587 γάρ
824 1508 951 1586 μᾶλλον
964 1506 1078 1582 κακίας
1091 1503 1111 1588 ἣ
1126 1528 1182 1570 κα-
1195 1514 1253 1569 ΧΥ

171 1607 375 1691 λοκάχαθίας
396 1607 561 1694 ὑπηρέτης
584 1607 663 1692 ἐστί,
687 1607 791 1694 φησίν
807 1607 994 1695 Ἰσοκράτης
1017 1611 1035 1677 ὁ
1059 1611 1181 1697 ῥήτωρ·

170 1712 227 1779 καὶ
259 1709 350 1799 οἶμαι
381 1715 512 1792 τούτοις
542 1717 752 1800 προσσχόντα
783 1717 842 1782 τὸν
874 1718 1040 1782 Πλάτωνα
1068 1720 1182 1804 φάναι,

172 1819 298 1905 μηδένα
320 1819 475 1904 ’γίνεσθαι
498 1825 655 1906 μεγίστου
677 1822 825 1888 πλούτου
848 1824 981 1909 κόριον,
1005 1827 1034 1890 εί
1057 1827 1101 1911 μη
1123 1827 1182 1892 τὸν

171 1927 457 2013 προεζημιωμένον
479 1930 539 2012 την
562 1931 680 2013 ψυχήν.
732 1951 734 1956 ’
1196 1955 1221 1997 1⁶

118 2043 181 2098 1V8
246 2035 275 2100 8.
312 2038 357 2120 Τῇ
389 2035 503 2121 πρώτη
534 2038 651 2100 τοίνυν
680 2036 725 2112 ὡς
754 2038 881 2121 έφημεν
909 2048 977 2102 τῶν
999 2040 1276 2104 ΚαλενὺῶνΧΗὸ

172 2138 347 2219 ἐθέσπιζον
379 2142 411 2206 οἱ
442 2142 540 2226 ἱερεῖς
568 2142 650 2205 κατὰ
679 2143 758 2218 τοὺς
786 2146 990 2226 Σιβυλλίους
1016 2147 1183 2231 χρησμοὺς

171 2243 255 2329 ὑπὲρ
291 2247 405 2329 ὑγείας
442 2256 560 2332 χρῆναι
596 2249 721 2324 πάντας
753 2247 816 2314 άπὸ
852 2252 942 2335 πρωῒ
975 2252 1040 2335 πρὸ
1076 2252 1183 2335 πάσης

173 2350 284 2439 ἑτέρας
306 2361 433 2438 τροφῆς
455 2353 679 2436 ἀπογεύεσθαι
698 2354 843 2439 ἀκράτου
863 2361 959 2421 οίνου
978 2358 1026 2432 εἰς
1044 2356 1183 2442 ἀποτρό-

172 2481 274 2525 παιον
303 2461 494 2542 ποδαλχίας.
546 2459 654 2526 ἰστέον
686 2457 724 2533 δέ
754 2463 836 2526 κατά
867 2463 929 2545 τὴν
959 2462 1085 2550 ἡμέραν
1116 2447 1185 2530 τῶν
1197 2471 1223 2526 Χ

171 2567 355 2631 Καλενὺῶν
391 2567 450 2631 τὸν
485 2567 582 2648 ἥλιον
617 2565 667 2651 ἐφ’
705 2567 813 2646 ὕψους
849 2571 1019 2653 γίνεσθαι,
1055 2571 1114 2635 τὸν
1145 2567 1183 2636 δέ
1197 2596 1222 2634 οι

172 2670 351 2758 Στέφανον
374 2673 515 2738 θύεσθαι
539 2675 678 2759 ὄρθρου.
716 2693 719 2696 ·

139 2797 154 2845 9
242 2781 271 2844 9.
299 2783 344 2865 Τη
378 2776 415 2844 δὲ
447 2777 534 2864 ἑξῆς,
567 2781 638 2863 ἥτις
666 2778 734 2845 ἐστὶ
761 2781 826 2867 πρὸ
857 2783 1026 2868 τεσσάρων
1052 2787 1184 2848 Νωνῶν

244 2955 268 2991 v.
284 2942 300 2989 3
320 2935 354 2991 cf.
373 2935 437 2991 Eur.
456 2937 522 2990 Inus
539 2935 573 2989 fr.
593 2941 653 3003 420,
669 2943 731 3005 κερ.
750 2937 853 2992 Nauck
935 2944 967 2992 12
987 2939 1093 3011 [Isocr]
1115 2939 1185 3007 πρὸς

175 3006 336 3075 Δημόνικον
355 3013 400 3072 §6
474 3013 507 3060 13
525 3006 622 3062 Plato:
636 3007 669 3061 A.
684 3007 794 3062 Elterl.
811 3027 831 3063 s.
896 3014 930 3062 20
948 3009 1135 3064 Wachsmuth
1149 3009 1184 3062 de

174 3080 225 3132 ost.
244 3096 271 3147 p.
287 3083 339 3131 295
357 3096 399 3132 nr.
415 3085 429 3131 1

244 3239 268 3274 v.
288 3226 306 3273 4
330 3212 398 3344 χρεν
424 3221 452 3274 Α
542 3226 558 3273 θ
586 3230 642 3276 τῶν
665 3219 744 3276 omis.
763 3222 790 3275 A
880 3227 895 3276 8
922 3219 1139 3292 πολυχρημάτων
1157 3221 1185 3274 A

175 3297 208 3346 11
228 3289 310 3360 ἐφιου
345 3311 390 3346 νοι
405 3291 433 3344 A
449 3292 453 3362 Ι
470 3289 512 3346 ὅτι
529 3292 579 3347 τὸν
597 3294 718 3347 πλοῦτον
736 3290 884 3361 ίσοιιράτης
901 3295 1004 3362 μᾶλλον
1018 3323 1052 3332 -
1066 3293 1184 3346 καλοκά-

174 3360 280 3433 γαθίας
294 3311 371 3418 εέὺιεν
389 3359 540 3432 ὑπηρέτην·
555 3362 666 3418 πλάτων
681 3361 712 3418 δὲ
726 3358 786 3417 εἷπε
801 3361 907 3432 μηδένα
922 3395 956 3402 -
972 3368 1004 3416 15
1023 3361 1119 3432 ψυχήν
1137 3363 1183 3436 Y!

174 3432 276 3496 κακίας
290 3437 392 3504 μᾶλλον
406 3435 434 3488 Β
509 3441 539 3488 12
555 3431 716 3502 Ἰσοκράτης
730 3434 807 3488 omis,
823 3434 855 3486 X
926 3438 958 3486 16
977 3441 1010 3502 τῆ
1024 3435 1118 3503 πρώτη
1133 3429 1185 3489 οὑν

173 3512 224 3559 τοῦ
243 3503 408 3574 ίανουαρίου
426 3502 573 3570 ἐθέσπιζον
587 3535 621 3546 -
636 3510 670 3558 20
688 3503 843 3574 ποδαλχλας
855 3505 896 3571 H,
915 3502 957 3557 ὅτι
976 3512 1008 3573 τῆ
1022 3507 1115 3574 πρώτη
1129 3514 1185 3560 τῶν

174 3577 316 3631 καλανδῶν
339 3573 534 3642 ἐθέσπιζον-
549 3582 583 3629 20
600 3573 756 3645 ποδαλχίιις
775 3575 798 3630 S
904 3580 937 3628 17
957 3575 1188 3647 σιβυλλιακοὺςδ

176 3646 297 3718 18-άπὸ]
316 3645 374 3715 ἅμα
392 3647 427 3700 H
496 3653 529 3700 19
548 3645 711 3716 ἀποτροπὴν
728 3647 764 3699 Η
