2788 4222
545 330 749 385 PRAEFATIO
1091 331 1153 386 XCI

139 497 236 556 doctis
264 497 412 557 evolvitur
433 497 548 574 Lycus,
576 498 651 558 ulios
677 501 833 574 praetereo
859 498 971 558 indices
997 499 1149 559 faciendos

139 605 200 645 non
222 585 348 644 institui.

207 674 360 734 Foliorum
381 678 416 734 ut
443 695 458 734 e
485 677 567 752 prelo
595 675 769 752 prodierunt
796 676 913 754 singule
940 695 1056 736 summu
1083 676 1150 735 dili-

137 762 243 840 gentie
273 766 303 822 et
332 764 442 841 insigni
470 783 541 824 cure
567 765 759 839 inspexerunt
785 764 963 825 Albrechtus
989 765 1150 839 Dieterich‚

141 851 307 911 Guilelmus
329 852 427 927 Kroll,
455 851 601 931 Georgius
624 852 782 929 Wissowe,
811 854 864 929 qui
891 873 980 930 opere
1002 853 1035 912 in
1061 873 1150 912 usum

140 961 238 999 meum
260 941 394 1016 impense
418 943 534 1019 egregie
557 943 593 1001 de
616 961 663 1001 me
691 944 760 1002 sunt
786 943 898 1016 meriti3
926 961 980 1002 nec
1003 962 1062 1001 non
1083 943 1150 1018 plu-

138 1029 216 1088 rima
240 1029 278 1087 ed
300 1030 483 1089 restituenda
501 1030 579 1106 Lydi
601 1030 692 1090 verbe
715 1031 889 1104 attulerunt,
912 1032 944 1090 id
962 1031 1043 1107 quod
1061 1051 1077 1090 e
1098 1050 1149 1091 nc-

139 1117 269 1176 minibus
298 1119 421 1178 illorum
446 1119 478 1176 in
506 1119 586 1179 notis
616 1120 788 1195 saepissime
814 1119 946 1179 laudetis
974 1137 1150 1196 cognoscere

138 1206 259 1281 poteris.
304 1206 368 1282 ipse
391 1207 470 1267 siin
497 1207 657 1267 scribendis
684 1208 834 1267 nonnullis
856 1207 968 1267 voculis
992 1227 1051 1266 non
1074 1227 1149 1267 sem-

139 1314 193 1370 per
216 1296 400 1354 constiterim
422 1296 504 1372 mibi,
526 1299 562 1355 ut
584 1295 734 1355 difficilior
756 1299 802 1355 est
825 1316 901 1372 quae
920 1297 1069 1356 tractetur
1086 1314 1148 1354 me-

138 1383 224 1458 tens,
242 1384 274 1441 in
293 1403 354 1459 que
370 1385 504 1460 profecto
522 1385 584 1443 dies
603 1384 682 1443 diem
700 1385 813 1460 doceat,
836 1384 968 1462 gmviter
985 1404 1045 1444 non
1063 1384 1150 1458 feres,

138 1471 283 1547 itemque,
310 1472 336 1531 si
359 1492 419 1548 que
444 1475 671 1549 typothetarum
697 1476 797 1532 errete
824 1473 926 1532 oculos
953 1490 1034 1532 meos
1062 1473 1147 1550 fuge-

139 1562 212 1618 runt
237 1560 364 1618 libenter
390 1561 537 1639 ignosces,
568 1580 693 1638 quorum
719 1561 751 1620 in
777 1561 955 1639 perlegendo
982 1561 1059 1620 libro
1087 1560 1150 1619 iam

139 1647 221 1723 typis
239 1649 379 1709 mandato
398 1650 543 1727 impiimis
562 1670 609 1709 me
628 1650 825 1710 offenderunt:
848 1671 876 1727 p.
894 1652 944 1725 13,
961 1652 1000 1708 17
1020 1649 1148 1709 scniben-

137 1737 211 1794 dum
232 1735 407 1817 προσγραφὴ
428 1772 469 1779 -
488 1760 517 1815 p.
537 1741 589 1815 23,
609 1741 649 1798 12
673 1737 809 1817 μουνάδα
823 1771 864 1780 -—
883 1759 912 1815 p.
933 1741 984 1815 64,
1004 1741 1022 1798 9
1047 1737 1150 1798 αἰτίων

139 1857 182 1865 -
202 1844 230 1901 p.
250 1825 301 1902 81,
321 1828 340 1886 8
363 1827 391 1885 X
414 1828 541 1887 addetur
563 1828 595 1886 in
617 1828 751 1906 margine
770 1860 812 1869 —
831 1847 859 1903 p.
881 1829 954 1903 168,
974 1830 1076 1904 bepp.
1101 1827 1149 1886 δε-

136 1913 288 1992 ξιούμενοι
307 1947 349 1956 -
369 1935 445 1992 quae
469 1920 505 1976 ut
525 1917 651 1994 benigne
675 1917 805 1994 corriges
828 1919 907 1994 peto.
