2788 4222
219 301 280 355 LVI
620 297 827 352 PRAEFATIO

219 469 362 544 p.48,16
382 465 455 525 κατὰ
489 465 540 526 τὸν
572 465 699 544 εὐφημι-
753 458 817 525 κατ’
839 462 1026 542 εὐφημισμόν
1051 463 1134 524 OFG

386 553 461 632 σμὸν
483 555 542 613 ΒΕ

260 646 340 718 49,1
385 642 697 722 ἔστω-ΒτριῶνΝω-
753 661 829 718 quae
859 644 891 701 in
924 643 1048 719 reliquis
1082 640 1232 701 codicibus

384 735 447 792 νῶν
459 732 565 791 desunt
574 732 610 806 E,
627 729 698 791 doro)
919 736 1030 791 extant.

384 821 697 880 -2NoivurdesuntD

220 910 276 968 hoc
294 909 400 968 ultimo
419 911 512 986 igitur
528 910 593 969 loco
613 929 681 969 curn
699 911 786 985 plura
805 908 902 969 desint
915 909 947 967 in
960 910 986 968 E
1001 927 1093 985 quam
1105 908 1138 966 in
1151 908 1189 982 D,
1206 908 1232 966 E

220 1015 290 1057 vero
304 998 452 1057 vetustior
466 999 505 1056 sit
519 999 618 1057 codice
627 999 664 1074 D,
680 1001 814 1075 apparet,
827 1001 966 1058 neutrum
980 1017 1016 1056 ex
1025 999 1129 1071 altero,
1142 998 1233 1055 immo

221 1090 384 1162 utrumque
408 1106 443 1145 ex
466 1105 526 1145 uno
551 1088 713 1163 eodemque
732 1087 912 1163 exscriptum
930 1105 992 1146 esse
1012 1087 1123 1161 codiee,
1147 1089 1177 1143 et
1196 1085 1233 1144 si-

220 1174 343 1234 milibus
362 1176 458 1234 causis
478 1176 662 1250 adducimur,
684 1179 720 1235 ut
738 1176 867 1252 reliquos
887 1195 1007 1252 quoque
1026 1175 1140 1236 codices
1159 1172 1234 1233 OFG

221 1265 274 1323 uni
308 1265 491 1341 assignemus
524 1266 693 1342 archetypo.
750 1266 840 1324 altius
873 1267 974 1324 autem
1005 1265 1036 1322 in
1069 1262 1234 1322 definienda

223 1353 325 1428 stirpis
349 1354 376 1410 Y
403 1354 603 1413 membrorum
631 1355 806 1432 cognatione
830 1355 1003 1413 descendere
1027 1352 1168 1412 cautioris
1190 1351 1236 1408 in-

223 1441 395 1517 quisitionis
424 1461 484 1501 non
515 1461 576 1502 esse
609 1445 779 1518 putaverim
810 1446 933 1519 propter
963 1445 1113 1501 momenta
1144 1457 1235 1515 supra

224 1533 410 1589 enumerata:
439 1551 535 1607 neque
558 1551 629 1591 vero
652 1533 785 1591 iacturae
810 1531 974 1607 quidquam
1002 1531 1141 1604 facimuS,
1169 1547 1236 1587 cum

222 1620 279 1678 hoc
301 1619 499 1695 relinquimus
522 1621 554 1678 in
572 1621 678 1679 medio.
715 1621 788 1680 locis
808 1621 885 1678 enim
905 1619 1006 1679 allatis
1025 1620 1098 1678 satis
1117 1617 1237 1676 demon-

224 1710 346 1781 stratur,
374 1727 490 1784 semper
512 1709 573 1767 fere
597 1707 727 1767 exhiberi
751 1710 912 1786 genuinam
936 1709 1094 1767 lectionem
1117 1726 1135 1765 a
1158 1705 1236 1764 codi-

223 1816 290 1855 cum
315 1794 398 1855 GFG
422 1797 592 1872 archetypo.

291 1884 403 1954 Quibus
427 1886 571 1961 expeditis
594 1888 688 1944 restat
710 1887 746 1944 ut
770 1904 957 1961 quaeramus,
982 1904 1112 1961 quonam
1135 1884 1237 1945 ordine

223 1973 257 2031 in
280 1973 441 2033 editionem
457 1974 634 2050 ¹recipienda
656 1975 717 2032 sint
738 1975 907 2052 fragmenta
929 1993 947 2033 a
971 1974 1120 2033 codicibus
1137 1991 1237 2031 recen-

225 2061 315 2120 sionis
338 2062 366 2119 Y
390 2064 515 2122 servata.
557 2081 685 2138 cumque
709 2063 929 2139 comparatione
953 2082 1056 2123 eorum
1079 2081 1147 2121 cum
1168 2061 1238 2119 reli-

224 2151 304 2226 quiis
328 2171 382 2226 per
401 2151 514 2210 codices
532 2151 714 2210 Barberinae
732 2153 910 2211 recensionis
930 2184 972 2192 -
992 2152 1027 2210 de
1050 2151 1158 2227 quibus
1176 2151 1238 2208 iam

224 2240 283 2298 erit
310 2239 467 2298 dicendum
495 2273 537 2280 —
565 2241 690 2299 servatis
717 2241 858 2300 instituta
886 2242 1116 2313 demonstretur,
1142 2239 1237 2298 Maxi-

224 2349 307 2387 mum
334 2329 500 2387 Planudem
527 2328 559 2387 in
588 2330 762 2388 universum
795 2330 914 2406 quidem
946 2329 1073 2387 eundem
1105 2328 1238 2386 ordinem

224 2417 392 2492 retinuisse,
411 2437 499 2493 quem
514 2418 547 2475 in
566 2419 727 2494 archetypo
741 2419 878 2494 Lydiano
898 2421 1080 2494 reppererat,
1103 2419 1238 2493 superest

225 2509 261 2564 ut
289 2507 351 2564 eius
378 2507 548 2583 fragmenta
577 2507 802 2583 interponamus
831 2508 910 2565 inter
939 2506 1077 2565 uberiora
1106 2506 1160 2564 iila
1191 2525 1237 2562 ex·

226 2597 328 2669 cerpta
351 2594 516 2653 Barberina
539 2597 701 2655 secundum
722 2596 842 2670 indicia,
869 2614 946 2671 quae
969 2595 1054 2655 nobis
1081 2595 1146 2670 ipso
1173 2613 1238 2654 ver·

224 2682 331 2740 borum
363 2684 503 2742 contextu
533 2685 772 2761 suppeditantur.
826 2685 905 2760 quod
935 2688 1095 2760 postquam
1123 2684 1238 2741 factum

226 2774 270 2830 est
303 2789 321 2828 a
350 2770 483 2830 Schowio
516 2774 711 2848 probantibus
743 2773 890 2832 Roethero
917 2773 1112 2847 Bekkeroque
1136 2805 1178 2812 —
1206 2772 1239 2829 in

225 2860 332 2918 horum
360 2859 538 2920 editionibus
568 2880 616 2936 ea,
644 2881 721 2938 quae
745 2863 890 2921 debentur
918 2861 1066 2921 codicibus
1090 2861 1125 2936 Y,
1153 2861 1238 2919 uncis

225 2949 340 3008 seclusa
359 2949 487 3024 reperies
507 2983 548 2991 —
567 2951 643 3009 nihil
665 2954 768 3026 restat,
791 2951 848 3010 nisi
871 2954 906 3010 ut
929 2954 1015 3009 notas
1038 2950 1076 3009 iis
1094 2949 1167 3009 locis
1186 2949 1237 3007 ad·

226 3038 304 3112 dam,
324 3036 433 3112 quibus
453 3057 471 3096 a
488 3037 664 3099 Schowiana
681 3041 868 3099 restitutione
887 3039 1036 3115 discrepat
1054 3038 1145 3098 editio
1164 3056 1240 3097 mea.

227 3130 317 3203 atque
345 3126 473 3202 primum
503 3129 622 3203 quidem
649 3128 678 3202 Ι,
698 3129 770 3188 8Rr
796 3128 968 3205 transposui
995 3130 1064 3203 post
1088 3127 1117 3201 Ι,
1139 3132 1176 3186 11
1189 3127 1240 3201 Rr,

227 3235 293 3275 eum
317 3237 333 3273 e
360 3216 575 3275 sententiarum
603 3237 680 3275 nexu
708 3221 879 3293 appareret,
906 3217 1129 3294 paragraphum
1155 3216 1240 3274 iliam

226 3305 282 3364 hoc
305 3305 370 3364 loco
394 3305 545 3380 quondam
569 3306 714 3365 extitisse:
737 3309 773 3364 ut
796 3307 875 3364 enim
898 3306 934 3364 de
957 3306 1051 3364 tribus
1070 3305 1156 3380 Eryli
1176 3304 1238 3362 ani-

226 3393 283 3451 mis
307 3393 479 3469 loqueretur
500 3392 602 3470 Lydus
626 3398 788 3454 commotus
812 3399 877 3453 erat
899 3394 1048 3453 mentione
1071 3394 1163 3452 trium
1185 3392 1240 3451 Ge-

227 3480 328 3556 ryonis
361 3501 525 3558 corporum.
572 3483 677 3541 deinde
708 3503 784 3559 quae
812 3504 839 3559 p.
860 3485 902 3541 44
915 3483 957 3540 Rr
985 3483 1127 3559 leguntur
1156 3480 1240 3540 uncis

229 3569 343 3628 seclusa
362 3569 494 3651 διαφέρει
509 3605 550 3613 -
562 3573 683 3650 ’μίμημα
701 3573 798 3630 omisi:
817 3591 913 3647 neque
932 3570 1010 3630 enim
1027 3572 1166 3630 viderant
1181 3569 1241 3627 edi-

227 3661 315 3732 tores,
343 3659 397 3716 illa
421 3679 456 3717 ex
479 3661 581 3720 eodem
604 3661 760 3736 desumpta
778 3661 843 3720 loco
863 3679 925 3719 esse
950 3679 1009 3735 quo
1033 3677 1077 3733 ea,
1101 3678 1176 3735 quae
1199 3659 1241 3716 ie-
