2760 4234
364 298 472 353 LIBER
491 297 667 364 QUARTUS.
695 296 894 352 υυοωωουει
1070 282 1132 359 177

122 466 253 529 σάντων
266 462 402 528 ἐκείνων
416 464 477 546 τῆν
489 458 565 548 περὶ
585 462 687 526 αὐτὸν
707 465 922 546 φιλοσοφίαν,
941 458 996 525 καὶ
1014 463 1064 536 τίς
1083 483 1133 524 τε·
1146 471 1172 524 X

121 571 261 655 τόχηκεν
285 571 344 634 ὥν·
373 565 469 645 οὗτος
491 570 555 654 γάρ
579 568 647 634 ἐστι
671 569 708 632 τὸ
731 569 862 654 θερμὸν
884 575 1015 652 πνεῦμα
1036 567 1074 631 τὸ
1098 565 1134 631 ἐκ

121 678 226 759 πάσης
241 686 365 762 σπορᾶς
380 676 503 752 παντὸς
517 677 602 754 ζώου
616 682 842 759 πνευματικοῦ
856 672 1133 757 συγκατατιθέμε-

122 807 183 849 νον
197 784 244 858 εἰς
258 786 439 865 ζωογονίαν
452 780 507 847 καὶ
522 781 661 866 αὔξησιν
674 782 810 847 πάντων
823 792 890 846 τῶν
905 780 942 845 έν
955 787 1001 868 τῷ
1013 783 1133 868 κόσμῳ.

122 890 334 975 μηροτραφὴς
358 884 394 953 δὲ
417 888 556 972 ἐκλῆθη,
585 885 655 952 ἐπεὶ
679 887 716 952 έν
738 898 810 964 ταῖς
831 885 964 972 μῆνιγξι
986 884 1041 952 καὶ
1065 897 1134 963 τοῖς
1162 913 1174 952 5

123 999 234 1079 ὄγκοις
257 1007 326 1072 τοῖς
349 999 501 1079 γονίμοις
527 993 582 1059 καὶ
605 1005 677 1071 ταῖς
700 992 803 1078 φλεψὶ
827 1004 899 1069 ταῖς
923 993 960 1058 ἐν
982 1004 1051 1070 τοῖς
1074 1019 1134 1078 μη-

122 1113 194 1189 ροῖς
222 1100 456 1189 ἑγκατςόκισται
483 1102 503 1185 ῆ
531 1103 667 1186 τοιαύτη
698 1101 796 1166 οὐσία
822 1101 946 1176 παντὸς
974 1102 1072 1184 ζώου,
1101 1100 1133 1178 ἐξ

122 1205 163 1274 οὗ
187 1208 326 1292 συνέστη
350 1210 390 1273 τά
408 1209 523 1272 πάντα.
561 1207 791 1293 ἀρρενόθηλυς
814 1204 852 1271 δὲ
875 1206 1002 1300 ἐρρῆθη
1022 1209 1133 1272 διάτὸ

121 1316 179 1390 τάς
202 1313 440 1399 ἀρρενοθῆλεις
468 1315 592 1398 σποράς
615 1316 771 1396 γίνεσθαι
794 1313 870 1396 δύο,
899 1313 1078 1398 ἀρσενικῆν
1100 1337 1135 1378 τε

122 1418 177 1484 καὶ
200 1421 353 1503 θηλυκὴν
376 1420 495 1504 φύσιν,
522 1417 578 1484 καὶ
602 1419 663 1484 οὐκ
686 1423 777 1484 ἔστιν
802 1418 917 1506 ἕτερον
939 1418 995 1504 ἀφ’
1020 1418 1135 1506 ἑτέρου
1149 1445 1176 1484 10

121 1527 158 1589 τὸ
183 1526 371 1609 δυνάμενον
393 1535 561 1610 γεννῆσαι,
587 1526 616 1590 εί
638 1526 682 1609 μῆ
702 1524 786 1609 ὁμοῦ
810 1527 956 1591 ἔλθοιεν·
979 1523 1034 1591 καί
1057 1530 1135 1605 ζωο-

122 1635 302 1716 γονῆσουσι
330 1635 370 1696 τά
397 1637 461 1711 ζῶα
485 1633 525 1697 τά
561 1632 626 1697 ὑπὸ
663 1632 786 1696 τούτου
818 1631 1134 1718 δεδημιουργημένα.

121 1738 331 1804 ἀναλόεσθαί
350 1762 385 1804 τε
406 1738 508 1803 αὐτὸν
525 1738 728 1823 ὑπειλήφασι
746 1736 802 1802 καὶ
820 1739 922 1803 πάλιν
939 1746 1135 1822 γεννᾶσθαι,

123 1845 192 1910 ἐπεὶ
214 1843 269 1910 καὶ
293 1847 333 1910 τά
361 1844 393 1922 ἐξ
423 1845 527 1910 αὐτοῦ
554 1846 745 1929 γεννώμενα
768 1844 889 1929 ὁμοίως
918 1845 1135 1922 ἀνεκλείπτως

122 1953 306 2017 δαπανᾶται
329 1950 384 2016 καὶ
406 1953 507 2017 πάλιν
530 1956 748 2035 ζωογονεῖται.
1149 1977 1175 2018 ιε

64 2069 190 2124 ΙιιΙΙΙοο
215 2059 287 2122 161.
307 2056 377 2123 ’Ότι
406 2059 580 2143 σχημάτων
607 2058 625 2124 δ
653 2059 773 2135 κύκλος
800 2063 1020 2126 τελειότατον·
1053 2061 1136 2126 ὅθεν
1149 2069 1176 2123 Y

122 2166 302 2248 Αἰγύπτιοι
339 2166 398 2230 τὸν
434 2167 560 2248 κόσμον
595 2165 781 2250 γράφοντες
816 2175 978 2251 περιφερῆ
1011 2168 1136 2232 κύκλον

123 2271 274 2358 ἀεροειδῆ
293 2270 348 2336 καὶ
366 2271 527 2357 πυρωπὸν
546 2272 745 2356 χαράττουσι
763 2269 818 2336 καί
837 2271 939 2355 μέσον
958 2273 1137 2356 τεταμένον

123 2380 205 2462 ὅφιν
220 2379 475 2464 λερακόμορφον,
494 2375 597 2442 οἱονεί
617 2378 812 2442 συνεκτικὸν
830 2377 961 2460 ἀγαθὸν
980 2380 1136 2463 δαίμονα·

122 2488 181 2549 καί
201 2484 269 2550 ἐστι
292 2485 329 2548 τὸ
352 2494 420 2549 πᾶν
444 2492 550 2567 σχῆμα
573 2483 617 2558 ὡς
639 2484 676 2548 τὸ
699 2481 775 2568 παρ’
798 2482 878 2567 ῆμῖν
904 2488 940 2548 Θ.
1149 2513 1176 2551 ιο

67 2607 101 2656 51
193 2592 265 2655 162.
279 2589 350 2656 Ὅτι
374 2591 392 2656 ὁ
416 2599 473 2674 τῆς
495 2590 658 2673 ὀγδοάδος
681 2589 826 2675 ἀραθμὸς
843 2596 952 2673 θῆλυς
970 2589 1025 2656 καὶ
1044 2593 1135 2657 ἀπει-

123 2722 181 2783 ρος
203 2696 258 2762 καλ
286 2697 414 2781 ἀτελής·
443 2697 525 2762 ὅθεν
552 2694 606 2761 καὶ
633 2698 722 2782 παρὰ
748 2705 795 2784 τῷ
817 2699 997 2786 Νικομάχφ
1025 2699 1135 2782 ῆλιτό-

122 2828 226 2888 μηνος
248 2809 407 2869 καλεῖται·
431 2804 449 2869 ὁ
472 2805 536 2888 γάρ
559 2803 742 2887 ὀκτάμηνος
764 2806 885 2889 χρόνος
907 2806 990 2890 πρὸς
1013 2806 1135 2872 οὐδένα

122 2921 191 2975 τῶν
214 2910 404 2995 ἁρμονικῶν
426 2912 510 2994 ἔχων
533 2913 686 2992 φαίνεται
709 2912 819 2992 λόγον.
856 2911 939 2976 ὅθεν
963 2911 1003 2976 οὐ
1026 2917 1134 2977 τελεσ-

123 3027 276 3102 φορεῖται
290 3019 329 3082 τά
344 3017 572 3100 ὀκταμηνιαῖα·
589 3013 687 3099 μέσος
700 3017 763 3101 γάρ
779 3016 826 3080 ὢν
840 3028 908 3081 τῶν
925 3021 1135 3104 τελεσφόρων
1149 3047 1176 3088 τε

124 3123 280 3209 ἀριθμῶν
303 3123 401 3199 αὐτὸς
425 3121 758 3208 ἀτελὴς-εὑρίσκεται.
804 3124 910 3206 πάσης
934 3126 997 3210 γάρ
1020 3125 1136 3208 ὑλικῆς

125 3232 296 3314 δυνάμεως
315 3228 459 3314 μετέχων
477 3231 534 3305 τάς
554 3227 631 3314 περὶ
650 3229 711 3312 τὴν
732 3227 819 3312 ὕλην
842 3234 950 3314 είληχε
968 3231 1135 3313 δυνάμεις.

196 3388 220 3424 v.
237 3375 270 3422 22
289 3368 334 3423 Ps.
352 3369 540 3423 Nioomachus
559 3367 787 3437 Theologumena
804 3368 923 3423 An‘thm.
938 3388 965 3439 p.
977 3374 1019 3437 55,
1030 3375 1063 3422 25
1074 3371 1134 3424 Ast.

196 3512 220 3546 v.
237 3499 251 3546 1
270 3493 322 3562 τὴν
336 3493 414 3548 omis.
427 3494 455 3546 A
509 3499 524 3547 5
542 3502 601 3556 τοῖς
615 3492 726 3564 μῆνιγξι
740 3493 768 3546 Β
822 3498 837 3558 ξ
857 3498 991 3561 161‚162:
1010 3493 1137 3548 ordinem

124 3563 271 3632 utriusque
289 3563 441 3635 fragmenti
458 3563 578 3619 mutavit
596 3565 626 3618 D

179 3771 263 3813 Ianus
278 3771 312 3811 ed.
326 3771 476 3812 Wuenuch.
599 3760 602 3766 “
943 3768 975 3814 12
