2760 4234
416 273 524 328 LIBER
543 272 718 339 QUARTUS.
747 274 887 330 APRILIS
1094 273 1154 338 121

146 437 202 503 καὶ
225 435 416 524 τριέσπερος
439 435 567 520 λέγεται
588 439 670 503 κατά
694 440 908 524 Λυκόφρονα,
931 435 1013 522 φησὶ
1037 439 1113 523 γάρ·
1171 445 1197 500 X

305 542 501 630 τριεστιέρου
524 543 667 627 λέοντος,
691 545 731 610 ὅν
753 567 832 610 ποτε
855 545 997 627 γνάθοις

310 655 475 736 Τρίτωνος
497 651 648 735 ἠμάλαψε
670 652 834 737 κάρχαρος
856 652 955 716 κύων.

146 759 183 822 τὸ
213 759 276 843 γάρ
307 756 395 842 τρισὶ
422 755 519 836 νυξὶν
547 756 711 840 ἐσκάρθαι
740 758 800 823 τὸν
821 755 984 843 Ἡρακλέα
1010 759 1157 841 μυθικόν

146 862 244 929 ἐστιν.
286 861 397 948 Ἥβην
425 859 462 928 δὲ
491 867 721 950 καλλίσφυρον
749 863 838 951 αὐτῷ
867 865 1021 946 δίδωσιν,
1052 860 1155 927 οἱονεί
1183 889 1196 930 ε

145 972 206 1054 την
225 971 468 1056 δημιουργικὴν
486 957 641 1054 δύναμιν,
663 969 719 1035 καὶ
738 971 775 1036 τὸ
794 971 897 1036 καλὸν
915 970 952 1035 τὸ
971 969 1155 1053 ἐγκόσμιον.

145 1077 163 1143 6
187 1073 225 1142 δὲ
248 1075 411 1162 στέφανος
433 1078 636 1159 τελειότητος
658 1077 775 1160 δεῖγμά
799 1075 881 1142 ἐστι·
909 1077 962 1140 διὸ
985 1075 1027 1158 δη
1050 1080 1144 1150 θεοῖς
1158 1086 1208 1140 XS

144 1181 199 1250 καὶ
230 1186 402 1268 βασιλεῦσι
431 1181 486 1247 καὶ
515 1183 660 1268 ἱερεῦσιν
688 1181 818 1248 ἐδίδοτο
845 1184 990 1267 πρώτως.
1036 1189 1092 1264 τῆς
1120 1176 1197 1244 δὲΧ

145 1290 244 1374 τύχης
267 1288 472 1374 άφελομένης
499 1291 587 1373 παρὰ
610 1295 668 1370 τῆς
695 1287 812 1373 ἀρετῆς
834 1289 893 1353 τὸν
920 1285 1096 1371 στέφανον,
1125 1287 1157 1350 οἱ

146 1397 244 1481 ἱερεῖς
266 1397 302 1461 τὸ
326 1395 445 1460 λοιπὸν
468 1393 719 1480 άτιοκειρόμενοι
737 1395 798 1478 την
816 1397 922 1478 κόμην
939 1393 1064 1457 κύκλον
1081 1393 1156 1456 τινά
1171 1419 1198 1458 ιο

145 1513 268 1587 τριχῶν
291 1499 366 1566 ἀντὶ
390 1500 557 1585 στεφάνου
579 1510 619 1586 τῇ
641 1506 768 1587 κεφαλῇ
789 1507 1011 1585 περιποιοῦσι.
1057 1499 1158 1564 δωδε-

146 1608 318 1691 κάμοχθόν
340 1630 378 1690 γε
396 1608 463 1691 μὴν
482 1607 584 1672 αὐτόν
605 1623 698 1691 φασι,
722 1608 778 1672 διά
796 1609 834 1672 τὸ
853 1607 893 1671 τά
912 1606 1040 1671 δώδεκα
1059 1606 1158 1683 ζωδία

146 1711 318 1798 ἐκτρέχειν.
363 1710 418 1777 καὶ
445 1714 507 1796 τὴν
520 1711 698 1796 ’Ἄλκηστιν
725 1709 762 1778 δὲ
789 1721 835 1801 τῷ
850 1711 1003 1800 ’Ἀδμήτῳ
1031 1711 1158 1789 άναψυ-

147 1820 255 1903 χώσας
273 1819 489 1904 ἀποδίδωσιν,
509 1811 582 1884 οἷον
600 1827 645 1907 τῷ
664 1822 775 1907 κόσμφ
793 1821 855 1903 την
873 1820 1039 1901 ζυογόνον
1053 1819 1158 1903 φύσιν

148 1925 185 1991 ἐν
202 1935 248 2014 τῷ
271 1937 407 2010 χειμῶνι
428 1933 738 2012 κατανεκροθεῑσαν
757 1925 774 1992 6
793 1926 887 2009 ἥλιος
908 1925 1156 1991 άτιοκαιδιστῶν·
1172 1949 1200 1992 ιε

137 2030 302 2116 ’Ἄδμητος
327 2035 390 2117 γάρ
419 2032 436 2098 6
465 2036 586 2117 κόσμος
613 2035 701 2115 παρὰ
728 2032 765 2098 τὸ
788 2032 963 2118 ἀκάμαντα
990 2027 1075 2097 εἶναι
1102 2030 1157 2096 καὶ

80 2173 82 2180 >
147 2137 292 2218 ἀείζωον.
346 2139 496 2221 Αὐγείαν
528 2135 565 2204 δὲ
597 2141 793 2224 διαφθεῖραι
828 2139 971 2222 λέγεται·
1008 2136 1062 2202 καὶΙ
1093 2139 1157 2222 γάρ

149 2244 295 2329 ἀνίσχων
317 2245 335 2310 6
359 2245 451 2328 ἥλιος
474 2247 533 2310 τὸν
557 2248 700 2332 ὄρθριον
723 2246 946 2331 διασκορπίζει
966 2246 1094 2329 καιρόν,
1118 2243 1157 2309 ὃν

146 2353 180 2418 οἱ
210 2349 328 2417 πολλοὶ
361 2352 468 2436 αὐγὴν
504 2352 731 2436 ὀνομάζουσιν.
786 2351 851 2416 ὑπὸ
884 2348 921 2416 δὲ
953 2349 1158 2437 Εὐρυσθέως

145 2458 380 2548 προστάττεται
403 2457 422 2524 6
442 2458 608 2544 Ἡρακλῆς
635 2460 713 2534 τοὺς
735 2459 935 2522 δυοκαίδεκα
957 2459 1084 2533 άδλους
1106 2456 1157 2521 ἐκ·
1171 2483 1200 2522 εο

147 2570 267 2648 τελεῖν,
294 2562 369 2629 άντὶ
392 2573 452 2630 τοῦ
475 2563 494 2630 6
517 2565 610 2646 ἥλιος
637 2565 785 2630 κελεύσει
812 2572 873 2629 τού
895 2565 1040 2648 μεγάλου
1062 2569 1157 2645 θεοῦ,

146 2669 402 2754 άντιβαινούσης
434 2679 492 2753 τῆς
513 2668 619 2756 Ἥρας
647 2708 689 2717 -
718 2668 821 2735 οἱονεὶ
853 2679 910 2754 τῆς
943 2673 1086 2754 σφαίρας
1114 2707 1156 2716 -

146 2776 345 2863 άντίρροτος
375 2777 457 2863 αὐτῇ
490 2778 549 2842 τὸν
579 2777 827 2856 δοδεκαζώδιον
857 2777 1030 2860 διαφεύγει
1059 2776 1157 2862 ούρα-

145 2885 214 2948 νόν.
261 2881 366 2959 οὕτως
387 2879 449 2968 μὲν
472 2885 505 2948 οἱ
527 2886 717 2968 φιλόσοφοι.
763 2882 827 2948 άπὸ
851 2878 888 2947 δὲ
911 2894 978 2948 τῶν
1000 2885 1156 2968 ἱστοριῶν

146 2990 342 3074 εὑρίσκομεν
366 2987 446 3054 ἑπτά
460 2983 634 3074 Ἡρακλεῖς
652 2987 820 3072 γενέσθαι,
843 3000 976 3074 πρῶτον
994 2990 1078 3065 Διὸς
1097 2997 1156 3053 τοῦ
1171 3013 1198 3053 τε

145 3094 292 3181 Αίθέρος
314 3093 369 3160 καὶ
389 3097 562 3178 Λυσιθόης
585 3105 642 3180 τῆς
660 3093 830 3179 Ὠκεανοῦ,
854 3096 1012 3181 δεύτερον
1029 3097 1157 3159 Νείλου

216 3252 240 3288 v.
257 3241 270 3288 1
290 3233 426 3303 Lycophr.
446 3231 607 3288 Alexandra
624 3251 648 3289 v.
665 3239 706 3288 33.
723 3240 758 3288 34

215 3374 239 3411 v.
260 3363 274 3410 7
299 3355 342 3412 δτι
373 3357 389 3412 ὁ
421 3355 559 3427 στέφανος
577 3362 646 3410 -8
670 3355 780 3412 ἐδίδοτο
808 3357 830 3413 S
861 3359 865 3430 λ
901 3363 915 3409 7
940 3357 996 3412 ἐστι
1028 3357 1107 3413 omis.
1135 3358 1157 3414 S

145 3433 161 3482 8
180 3429 228 3483 καλ
247 3428 366 3496 ἱερεῦσιν
380 3428 458 3484 omis.
475 3430 496 3484 S
566 3434 600 3483 10
618 3429 650 3483 τὸ
664 3428 774 3501 λοιπὸν]
791 3429 822 3484 τὸ
836 3428 914 3483 omis.
930 3429 957 3482 B
1031 3434 1064 3482 12
1082 3437 1158 3498 μῆνα

145 3499 173 3554 Β
189 3501 193 3571 Ι
207 3500 258 3555 τὸν
275 3499 311 3553 τὰ
329 3501 439 3555 δώδεκα
458 3501 495 3569 Χ,
520 3516 588 3556 corr.
608 3501 651 3554 Ην
723 3505 756 3553 13
776 3497 895 3570 ἐτρίχειν
913 3500 941 3553 A
957 3500 961 3569 Ι
977 3497 1109 3569 άλκίοτην
1127 3501 1159 3554 X

146 3577 179 3626 16
198 3569 347 3640 ἀδάμαντα
362 3570 521 3641 suspicatur
534 3571 566 3626 G.
581 3570 720 3625 Wissowa
786 3576 818 3624 17
837 3567 943 3640 αύγίαν
957 3571 989 3624 Χ
1050 3576 1084 3625 2³
1104 3573 1158 3626 δω-

146 3641 304 3707 δεκάζωδον
322 3644 351 3697 Β
423 3648 456 3696 25
476 3652 584 3711 πρῶτος
602 3643 630 3696 Β
