2760 4234
377 282 485 338 LIBER
504 279 678 347 QUARTUS.
706 276 897 334 AUGUSTUS
1080 277 1143 352 153
1178 337 1179 340 ,

134 443 328 532 προέόακαν
349 445 575 527 ὑπνώσαντες,
603 444 636 508 οὑ
660 439 698 508 δὲ
720 449 817 526 χήνες
840 440 1054 527 ἐγρηγορότες
1077 436 1143 504 ὑιί-
1157 449 1184 502 Y

136 568 254 618 σασαν.
294 551 327 618 οἱ
350 548 390 615 δέ
410 566 524 634 φασιν,
547 548 599 614 ὅτι
621 557 720 614 τοῦτο
740 547 887 629 ἐποίουν,
910 546 1027 631 ἵναμή
1047 546 1144 631 όχλη-

135 656 189 744 ροὶ
211 668 280 734 τοῖς
302 665 441 722 νοσοῦσι
463 656 584 732 νυκτὸς
606 659 779 738 γίνωνται·
802 655 835 719 οἱ
858 650 905 737 δέ,
928 653 985 718 ’ίνα
1004 653 1049 737 μή
1068 658 1144 718 λυτ-

134 775 254 840 τῶντες
279 764 358 839 τοὺς
385 761 587 848 ἀνθρώπους
613 762 796 847 βλάπτωσι·
827 768 1007 844 τηνικαῦτα
1033 761 1097 845 γὰρ
1124 759 1143 825 ὑ

134 873 257 956 σείριος
288 867 473 952 ἀνατέλλει,
511 867 548 945 ὃς
578 866 635 933 καὶ
667 870 758 934 δοκεῖ
788 875 846 950 τῆς
878 859 997 957 λύττης
1030 865 1185 942 αὑτοῑςε

134 982 238 1053 αίτιος
261 971 356 1042 εἶναι.

81 1093 204 1149 deesth
228 1081 300 1150 115.
315 1081 386 1148 Ὅτι
399 1078 543 1169 πολὺζέν
560 1089 606 1168 τῷ
620 1081 720 1164 βάθει
738 1089 795 1164 τής
813 1088 873 1164 γής
892 1078 1090 1146 έπινοστοῦν
1107 1079 1145 1144 τὸ
1160 1087 1179 1141 S

134 1190 310 1273 κατάγειον
322 1197 390 1275 πῦρ
404 1189 466 1271 τήν
478 1188 647 1273 πιμελώὺη
666 1186 798 1272 νέμεται
811 1185 988 1270 <οὐσίαν>·
1008 1185 1090 1268 αὑτη
1110 1184 1140 1250 θ’

134 1293 203 1361 ἐστὶ
218 1298 400 1380 στυπτηρία
414 1293 434 1378 ή
448 1302 559 1360 θείου·
577 1293 598 1377 ή
617 1295 680 1378 γάρ
699 1295 866 1377 ἄσφαλτος
887 1290 1090 1377 κεκαυμένον
1108 1291 1146 1357 ἐν

134 1411 176 1488 γῇ
190 1399 246 1466 καὶ
263 1401 592 1484 ἐναποσβεννύμενον
608 1402 707 1466 θεῖόν
720 1399 802 1465 ἐστι·
821 1399 941 1464 τούτου
955 1401 1018 1485 γάρ
1032 1401 1069 1463 τὸ
1084 1395 1145 1484 μὲν
1158 1423 1187 1462 ιο

135 1505 183 1572 ἐπ’
212 1508 328 1590 ὀλίγου
361 1506 511 1589 θιακαέν,
543 1507 599 1571 ἅτε
626 1514 823 1591 παραχρῆμα
851 1506 1144 1590 ἀιασβεννύμενον,

133 1612 319 1699 ὑγροτέραν
334 1636 369 1679 τε
387 1610 440 1678 καὶ
459 1611 745 1697 πιμελαόεστέραν
763 1612 930 1698 ἐργάζεται
944 1613 1006 1695 τήν
1019 1614 1145 1697 ἀσφαλ-

133 1743 207 1802 τον,
237 1720 294 1804 Ιοία
323 1720 363 1784 τὰ
394 1717 463 1785 κατ’
487 1724 616 1803 Αἴτνην
645 1716 701 1783 καὶ
730 1719 812 1783 κατὰ
844 1719 905 1801 τήν
935 1717 972 1784 ἐν
998 1716 1145 1804 Ἰουδαίᾳ

133 1829 254 1910 λίμνην
277 1825 476 1910 ἐπινήχεται·
504 1821 640 1892 διακαέν
668 1821 705 1890 δὲ
728 1826 956 1911 σφοδρότερον
979 1830 1145 1912 λιθοῦται,

133 1924 203 2009 οἷός
226 1931 357 1998 ἐστινὸ
381 1933 524 2016 γαγάτης
547 1935 645 2008 λίθος
667 1932 685 1997 ὁ
708 1929 784 2017 περὶ
808 1933 1002 2014 Βαβυλῶνα.
1046 1930 1144 2014 ήνίκα
1159 1955 1187 1996 15

132 2048 218 2122 γοῦν
231 2040 268 2103 τὸ
284 2039 495 2105 ὑπονοστοῦν
512 2039 591 2114 τοὺς
607 2035 846 2132 ὑποκειμένους
865 2035 996 2122 νέμεται
1012 2039 1144 2121 τόπους,

133 2141 234 2210 οὐδέν
255 2144 337 2229 ήμῑν
358 2144 468 2221 πάθος
490 2143 694 2210 ἐπιδείκνυσι
711 2151 785 2227 γής·
808 2143 933 2209 ὁπόταν
951 2139 988 2208 ὑὲ
1007 2142 1145 2229 ἐργασά-

132 2273 234 2337 μενον
247 2253 356 2316 πολὺν
370 2249 551 2336 ἐξαραιάση
564 2253 678 2334 τόπον,
696 2259 875 2334 τηνικαῦτα
889 2252 1093 2335 θλιβόμενον
1107 2248 1145 2314 ἐν

131 2368 202 2434 τοῖς
215 2359 395 2443 κοιλώμασι
409 2354 464 2421 καὶ
482 2357 710 2442 σηραγγάὸεσι
727 2358 851 2439 τόποις,
871 2357 900 2422 εί
917 2352 979 2440 μὲν
996 2355 1144 2440 ἐπιτύχοι

132 2465 344 2550 ὑιεκδρομής,
369 2460 470 2530 οὐδὲν
491 2461 594 2529 πλέον
616 2465 768 2549 βρασμοῦ
790 2472 850 2546 γῆς
874 2460 929 2527 καὶ
952 2465 1141 2547 μυκήματος
1155 2488 1184 2528 ιο

132 2569 300 2656 ἐργάζεται
323 2580 472 2655 σημεῖον·
501 2571 530 2634 εί
552 2566 582 2633 δ’
606 2564 648 2634 αὖ
675 2568 767 2654 μένει
793 2569 1049 2654 σωματοὺμενον
1071 2571 1144 2654 ήτοι

131 2726 206 2742 ....
224 2678 462 2763 ὑπερκείμενον
479 2677 557 2760 όρος
575 2674 595 2759 ή
613 2684 678 2759 γῆν
695 2674 716 2759 ή
734 2676 920 2759 θάλασσαν,
934 2677 1011 2761 όρος
1025 2672 1087 2760 μὲν
1100 2677 1144 2753 ὡς

131 2785 169 2849 τὸ
188 2783 225 2849 ἐν
234 2782 357 2868 Ἰταλίᾳ
370 2779 514 2865 Βέσβιον
528 2780 583 2846 καὶ
598 2782 655 2865 (τὸ
675 2780 733 2865 ἐν>
747 2782 912 2868 Λιπάραις
925 2781 981 2848 καὶ
994 2784 1031 2848 τὸ
1044 2783 1144 2869 ὑπερ-

131 2894 285 2974 κείμενον
304 2897 362 2973 τής
379 2891 579 2953 Καταναίων
599 2890 725 2964 πόλεως
743 2887 780 2952 ἐν
798 2893 947 2976 Σικελία,
969 2890 1144 2955 θάλασσαν

131 2992 170 3062 δὲ
202 2996 246 3079 ἣν
278 2998 460 3071 Παναίτιος
493 2992 614 3079 μεταξὺ
647 2995 799 3080 Λιπάρας
830 2993 885 3060 καὶ
916 3005 973 3079 τῆς
1000 2994 1141 3072 Ἰταλίας
1154 3018 1181 3060 ετ

133 3104 267 3188 ἱστορεῖ,
289 3109 353 3185 γῆν
376 3096 413 3166 δὲ
436 3101 490 3166 οἵα
513 3101 668 3184 τυγχάνει
690 3102 779 3186 παρὰ
802 3101 862 3185 τήν
886 3100 922 3166 ἐν
941 3104 1050 3186 Λυκίᾳ
1067 3102 1143 3165 Κά-

130 3233 245 3296 ρυκον.
291 3207 331 3273 οὐ
361 3210 467 3292 μόνον
496 3202 533 3272 δὲ
561 3205 809 3293 ἀναρρήγνυσιν
836 3209 897 3294 όρη
925 3231 959 3272 τε
985 3205 1041 3272 καὶ
1068 3217 1142 3291 γῆν,

131 3313 293 3381 ἀλλὰκαὶ
320 3314 531 3398 <θαλάσσης>
559 3312 800 3398 ἀναφυσήματα
825 3324 928 3397 ποιεί,
956 3315 1064 3400 ὥσπερ
1089 3313 1142 3396 γέ-

202 3473 227 3509 v.
243 3460 258 3507 7
277 3455 468 3509 ὑπονοστοῦνθ
488 3449 522 3506 cf.
537 3471 561 3508 v.
578 3458 610 3507 16
668 3449 846 3525 8<οίισίαν>
862 3450 960 3506 addidi
1013 3457 1047 3506 22
1065 3451 1143 3506 lacu-

129 3542 198 3579 nam
215 3523 347 3592 iudicavi,
370 3540 455 3592 quum
473 3523 565 3578 verbis
583 3521 781 3595 (θλιβόμενον,
801 3520 941 3592 διάπυρον
959 3522 1143 3594 ἀπεργάζεται

131 3595 185 3668 τὸ)
204 3595 315 3666 explere
333 3593 430 3648 studet
444 3593 469 3649 S.
486 3593 614 3649 Sudhaus
667 3601 702 3649 23
722 3594 774 3667 (τό
785 3593 840 3666 ἐν)
859 3593 958 3648 addidi
1011 3599 1045 3649 28
1065 3596 1141 3669 <θα-

130 3665 253 3739 λάσσης>
272 3665 384 3722 addidit
402 3663 532 3720 Sudhaus
