2790 4214
546 274 655 329 LIBER
673 273 826 330 TERTIUS
1143 275 1184 340 41

180 436 282 523 μησίν
304 437 478 504 ἐπιδοῦναι
509 436 564 503 καί
595 438 698 524 ταύτῃ
725 438 864 521 ήλιακὸν
900 435 1095 505 ἀποτελέσαι
1129 439 1228 504 τὸνΧ

180 544 343 611 ἐνιαυτόν.

126 662 241 729 RrIII,4
261 653 289 716 7.
303 649 374 717 Ὅτι
396 651 548 736 βίσεξτον
571 651 698 736 λέγεται
721 653 777 718 διὰ
796 653 834 717 τὸ
853 649 906 728 δὶς
927 653 992 738 πρὸ
1011 650 1044 730 ἓξ
1063 655 1190 718 Καλεν-
1202 663 1259 720 ΧΥ

180 758 250 823 δῶν
280 757 444 843 Μαρτίου
475 758 634 845 ἀριθμεῖν
664 761 753 844 παρὰ
784 761 973 843 τετραετίαν
1001 757 1190 843 Ῥωμαίους,
1204 773 1230 826 Y

180 863 235 930 καὶ
263 864 427 953 ἐντούτῳ
450 867 510 931 τὸν
537 866 737 948 ζωογονικὸν
764 864 912 950 ἀριθμὸν
939 865 1189 951 ἐπιτηροῦντας·
1216 891 1229 930 ε

176 969 374 1058 ’Λφροόίτης
395 968 433 1037 δέ
457 967 564 1055 οὗτος,
587 973 708 1057 ἔφορος
732 968 769 1036 δέ
787 970 954 1056 Ῥωμαίων
972 970 1161 1059 Ἀφροδίτη.

148 1096 164 1145 5
250 1079 279 1143 8.
299 1076 370 1144 Ὅτι
392 1078 412 1161 ή
437 1080 556 1163 σελήνη
578 1089 747 1163 προσεχῶς
774 1076 946 1162 ἐπιβέβηκε
970 1086 1016 1166 τῷ
1042 1087 1190 1167 γεννητῷ

179 1183 278 1250 παντί
308 1183 363 1250 καὶ
394 1185 502 1250 πάντα
536 1187 737 1270 κυβερνᾶται
768 1187 809 1250 τὰ
840 1185 918 1270 τῇδε
950 1182 1097 1269 ἐναργῶς
1128 1183 1185 1250 ὑπ’

180 1291 291 1376 αὐτής,
314 1292 358 1367 ὡς
381 1293 421 1356 τὰ
444 1292 541 1374 λόγιοί
563 1307 659 1375 φασι·

268 1452 411 1536 Νύμφαι
432 1460 571 1533 πηγαῖαι
592 1447 648 1514 καὶ
670 1447 808 1534 ένύόρια
829 1449 1000 1533 πνεύματα
1021 1450 1129 1514 πάντα
1205 1475 1231 1514 ιο

268 1555 324 1623 καὶ
346 1559 481 1642 χθόνιοι
502 1558 620 1621 κόλποι
642 1554 720 1639 <τε>
742 1553 797 1620 καὶ
819 1553 925 1641 ἠέριοι
947 1553 1002 1620 καὶ
1025 1554 1170 1639 ὕπαυγοι

269 1673 403 1748 μηναῖοι
426 1663 531 1746 πόσης
553 1661 744 1746 ἐπιβήτορες
762 1659 813 1746 ἠδ’
842 1661 993 1746 έπιβήται

270 1769 352 1854 ὕλης
375 1770 533 1856 οὐρανίας
555 1792 590 1834 τε
612 1766 667 1833 καὶ
686 1767 838 1854 ἀστερίας
860 1766 915 1834 καὶ
938 1767 1102 1852 ἀβύσσων.

181 1938 241 1996 τοῦ
263 1932 327 2015 γὰρ
350 1933 568 2015 μεταβολικοῦ
591 1930 740 2014 σώματος
761 1932 844 1995 κατὰ
866 1930 927 2013 τήν
950 1927 1113 2015 σφετέραν
1130 1937 1191 1994 τοῦ
1205 1946 1286 2002 XYs

181 2036 305 2121 βοίρους
332 2034 514 2119 ἀναλογίαν
540 2045 578 2121 τή
606 2044 648 2122 γῇ
674 2035 914 2121 περιχυθέντος
941 2035 1123 2119 ἀναγκαῖον
1149 2029 1192 2118 ήν
1205 2060 1230 2101 ιε

181 2143 218 2208 τὸ
242 2141 363 2227 μέλλον
385 2143 575 2226 πλησιάζειν
598 2141 681 2228 αὐτῇ
712 2143 818 2226 πόσης
840 2140 989 2228 μετέχειν
1011 2143 1191 2226 δυνάμεως.

181 2250 235 2314 διὸ
261 2250 565 2335 περιαρμοσοίμενος
587 2249 605 2316 ὁ
631 2250 712 2324 θεὸς
736 2250 797 2332 τήν
825 2249 1022 2332 σεληνιακήν
1045 2258 1192 2334 σφαῖραν

180 2355 286 2438 ποίσης
308 2353 509 2439 μετέχουσαν
532 2355 703 2440 δυνάμεως
725 2365 792 2421 τῶν
810 2356 1019 2441 δραστηρίων
1038 2364 1191 2439 σφαιρῶν

180 2465 323 2544 πλησίον
339 2469 409 2528 ,τοῦ
444 2462 567 2537 παντὸς
598 2464 763 2546 αἰσθητοῦ
799 2465 1024 2548 παρεστήσατο
1066 2463 1191 2546 ἔφορον

181 2577 249 2632 τῶν
276 2570 455 2651 στοιχείων.
505 2567 588 2633 ὅθεν
616 2565 672 2633 καὶ
699 2566 943 2654 τετρακέφαλον
970 2568 1031 2651 τήν
1053 2566 1192 2650 Ἑκάτην
1206 2593 1232 2632 ιο

181 2674 380 2758 ὁμνστικὸς
402 2675 610 2760 παραδίδωσι
641 2676 740 2757 λόγος
772 2674 830 2739 διὰ
858 2675 898 2738 τὰ
930 2671 1073 2759 τέσσαρα
1105 2689 1192 2739 στοι-

180 2790 265 2864 χεῖα·
292 2777 347 2844 καὶ
369 2779 390 2862 ή
413 2776 475 2864 μὲν
501 2783 688 2864 πυρίπνους
715 2788 775 2845 τοῦ
803 2780 906 2846 ἵππου
932 2782 1059 2865 κεφαλή
1087 2781 1191 2864 όήλον

182 2887 226 2962 ὡς
249 2888 296 2962 είς
319 2886 380 2969 τήν
402 2894 462 2951 τοῦ
485 2886 589 2972 πυρὸς
613 2896 759 2972 σφαῖραν
786 2885 1000 2973 ἀναφέρεται,
1027 2886 1047 2971 ή
1071 2883 1108 2951 δέ
1131 2894 1192 2952 τοῦ

252 3079 276 3114 v.
297 3064 383 3114 7—13
402 3059 481 3114 Kroll
496 3077 534 3115 or.
555 3059 651 3114 Chald.
670 3078 697 3129 p.
713 3065 747 3114 10
819 3067 854 3116 20
872 3061 950 3116 Kroll
968 3061 986 3116 l.
1006 3079 1027 3116 ε.
1046 3078 1074 3130 p.
1089 3065 1144 3114 301

251 3238 276 3274 ν.
297 3226 312 3273 2
336 3219 474 3274 ἐνιαυτὸν.
511 3217 635 3290 βίσεξτον
663 3220 707 3282 δὶς
728 3220 783 3289 πρὸ
806 3219 834 3285 ἓξ
857 3223 912 3275 κτλ.
932 3221 975 3289 Χ,
1003 3218 1046 3273 ὅτι
1068 3216 1193 3288 βίσεξτον

180 3293 235 3344 κτλ.
259 3291 289 3345 Υ
356 3290 525 3359 wewam
544 3292 711 3360 (ἀριθμῆσαι
729 3293 768 3361 Β)
787 3293 831 3345 δεῖ
839 3290 925 3382 παρὰ
942 3263 1110 3358 τετραετίαν
1142 3297 1192 3344 τοῦ

181 3361 233 3431 γὰρ
249 3363 455 3503 μ1«χταβολικοι”ιη
449 3364 483 3431 (v,
482 3364 552 3486 lg
559 3363 591 3485 2111
659 3359 852 3486 δοχαήᾱένχ
818 3383 872 3418 καν
892 3363 959 3486 Yll
990 3366 1078 3486 ῖόχτῶν
1095 3378 1197 3486 γερνηὶ

180 3441 292 3558 όῗνυόό.
308 3453 361 3558 όόλι
372 3437 767 3594 γενόηῖπόιβόσόοοοότοροόαίί
783 3450 861 3557 Krle
930 3499 999 3556 14⁰
979 3449 1193 3571 ότιπτοόῖκόετα-

181 3575 294 3646 βολικοῖι
313 3577 368 3629 κτλ.
383 3574 406 3629 S
475 3568 544 3627 15
528 3595 563 3642 ην
582 3573 660 3629 omis.
675 3574 698 3629 S
768 3579 801 3627 17
821 3571 949 3641 διόπερ
935 3572 1126 3643 αρμοσοίμενος
1139 3573 1195 3628 BS

183 3651 216 3700 19
236 3645 340 3716 ἔφορον
358 3655 413 3701 τῶν
432 3643 572 3716 στοιχείων
592 3644 670 3700 omis.
690 3645 719 3698 Y
