2760 4234
227 271 290 336 124
494 270 602 324 LIBER
620 269 797 335 QUARTUS.
825 269 965 325 APRILIS

184 445 210 498 X
224 438 336 520 Κόρης
362 433 487 519 πατέρα
514 433 618 499 αὐτόν
645 451 763 519 φασιν,
794 431 943 499 τουτέστι
969 441 1030 498 τοῦ
1055 435 1158 518 κόρου
1181 430 1237 497 καλ

223 550 280 624 τῆς
304 539 443 624 εὐωχίας
465 546 574 605 αίτιον
597 539 700 604 αὐτὸν
717 537 890 623 γενέσθαι·
913 549 1042 622 πρῶτος
1060 539 1124 624 γὰρ
1143 542 1236 622 βασι·

224 647 344 722 λεύσας
381 644 509 729 λέγεται
545 648 623 722 τοὺς
659 645 861 731 ἀνθρώπους
900 644 1030 724 διδάξαι
1067 655 1236 730 γεωργεῖν.

223 751 341 818 πολλοὶ
365 748 402 818 δὲ
426 751 461 817 έκ
483 761 543 817 τοῦ
570 752 651 816 ὅλου
673 751 758 828 Διὸς
779 753 875 834 Δίοι,
903 752 1013 837 ὥσπερ
1031 749 1237 828 Ἀπόλλωνες

196 858 243 941 εῆ
266 859 441 923 Διόνυσοι.

292 965 341 1029 72.
366 967 411 1050 Ίῖγ
425 965 489 1051 πρὸ
504 963 665 1028 δεκαεπτά
674 964 856 1028 Καλανδῶν
865 965 989 1028 Μαίων
1002 965 1035 1030 ολ
1049 963 1157 1049 ἀρχιε-
1170 975 1296 1030 ΙαΝισ

137 1083 141 1092 “
224 1081 293 1156 ρεῑς
322 1069 375 1136 ἐπὶ
402 1071 440 1135 τὸ
467 1068 614 1156 θέατρον
641 1072 813 1155 γενόμενοι
841 1072 931 1154 άνθη
961 1069 1015 1135 ἐπὶ
1042 1071 1102 1135 τὸν
1129 1073 1236 1156 δῆμον

225 1177 404 1264 ἐρρίπτουν
434 1176 489 1242 καὶ
524 1175 600 1262 περὶ
632 1178 672 1241 τὰ
705 1179 849 1262 σπόριμα
882 1173 919 1242 δὲ
949 1173 1034 1263 ὑπὲρ
1067 1165 1236 1264 εὐετηρίας

226 1286 410 1369 ἱεράτευον,
447 1281 501 1348 καὶ
539 1282 665 1362 ἔξωθεν
696 1293 754 1367 τῆς
787 1285 913 1359 πόλεως
946 1280 999 1348 ἐπὶ
1032 1282 1237 1369 ὡρισμένους

184 1417 210 1456 ιο
225 1392 396 1476 σταθμοὺς
418 1391 561 1474 ηὔχοντο
586 1390 810 1475 λερατεύοντες
827 1391 993 1476 Δήμητρι·
1017 1392 1122 1475 ὄνομα
1141 1387 1178 1456 δὲ
1196 1401 1237 1476 τῇ

157 1507 209 1562 XS
224 1502 329 1584 θυσίᾳ
354 1498 569 1584 Φορδιαάλια,
614 1497 693 1572 τούς
715 1520 752 1578 γε
775 1497 842 1581 μὴν
869 1498 1039 1581 σταθμοὺς
1061 1501 1154 1581 μίλια
1175 1519 1237 1562 πα·

184 1615 209 1667 Χ
223 1609 322 1690 τρίως
341 1603 492 1686 ἐκάλουν,
516 1603 580 1668 άπὸ
604 1613 662 1687 τῆς
685 1604 834 1686 χιλιάδος
857 1615 925 1668 τῶν
945 1605 1108 1688 βημάτων.
1154 1605 1242 1670 ὅθεν
1354 1597 1360 1611 ’

222 1709 278 1776 ααλ
309 1714 434 1795 μίλιτες
467 1711 500 1775 ολ
532 1720 728 1794 στρατιῶται
751 1707 827 1796 παρ’
856 1710 981 1787 αὐτοῖς·
1014 1714 1141 1795 χιλίους
1172 1712 1238 1797 γάρ
1357 1769 1361 1785 ,

224 1817 430 1892 ὑπασπιστάς
458 1816 475 1882 ὁ
496 1815 659 1899 Ῥωμύλος
685 1818 809 1900 μόνους
832 1814 923 1894 ἔταξε
948 1815 1003 1882 καὶ
1026 1821 1156 1900 μίλιτας
1178 1817 1238 1882 αὐ·
1359 1801 1361 1866 Ῐ

184 1947 210 1987 15
224 1925 302 2000 τοὺς
315 1922 380 1987 άπὸ
397 1931 458 1988 τοῦ
476 1921 624 2008 ἀριθμοῦ
644 1921 798 1987 ἐκάλεσεν
816 1921 920 1988 οἱονεὶ
939 1926 1077 2007 χιλίους,
1099 1924 1136 1989 τὸ
1155 1922 1238 2009 πρὶν
1360 1943 1361 1950 “

225 2027 415 2105 σατέλλιτας
435 2027 802 2114 προσαγορευομένους·
826 2027 881 2094 καὶ
904 2031 968 2115 γάρ
992 2028 1029 2095 ἐν
1051 2031 1174 2114 χιλιάσι
1197 2031 1236 2096 τὸ
1358 2027 1361 2082 λ

222 2141 367 2219 πλῆθος,
395 2135 437 2200 οὐ
460 2136 619 2221 μυριάσιν
641 2134 661 2218 ἡ
684 2138 864 2220 παλαιότης
886 2136 1082 2222 ἠρίθμησεν,
1110 2138 1155 2213 ὡς
1178 2137 1238 2201 αὐ-

223 2242 280 2318 τὸς
293 2240 448 2328 Ὄμηρος·

349 2384 451 2451 ὅσσον
473 2381 500 2448 τ’
524 2383 708 2469 ἐννεάχιλοι
733 2383 869 2469 ἐπίαχον
891 2385 912 2469 ἥ
936 2385 1111 2469 δεκάχιλοι.

184 2525 242 2590 εοὸ
266 2527 329 2610 γὰρ
352 2531 456 2611 μυρία
479 2526 622 2613 άριθμὸς
646 2526 815 2612 ἀοριστίας
838 2524 906 2592 ἐστὶ
930 2528 1085 2603 δεκτιαός.

292 2631 342 2694 73.
357 2635 402 2716 Τῇ
414 2633 479 2717 πρὸ
490 2632 963 2715 δεκαμιᾶςΚαλενδώνΜαΐων
975 2631 1162 2717 ὁῬωμύλος
1175 2634 1237 2717 την
1256 2651 1297 2699 ου

219 2734 345 2820 Ῥώμην
364 2735 505 2820 ἐπόλισε,
527 2738 653 2814 πάντας
671 2740 749 2814 τοὺς
767 2739 1018 2823 πλησιοχώρους
1037 2742 1237 2822 σνγιιαλεσά-

223 2865 322 2926 μενος
354 2840 582 2928 ἐντειλάμενός
613 2867 649 2908 τε
679 2844 792 2920 αὐτοῖς
822 2843 858 2910 ἐκ
887 2854 944 2928 τῆς
975 2843 1101 2911 ἕαυτών
1127 2847 1237 2931 χώρας

224 2951 335 3034 βῶλον
365 2946 636 3034 ἐπινιομίσασθαι,
668 2952 770 3036 ταύτῃ
803 2952 909 3034 πάσης
940 2952 1048 3039 χώρας
1078 2953 1236 3018 δεσπόσαι

183 3082 210 3123 σε
225 3056 286 3138 τὴν
299 3051 425 3138 Ῥώμην
449 3056 692 3140 οἰωνιζόμενος·
715 3056 815 3134 αὐτός
833 3079 867 3122 τε
887 3058 1054 3144 ἱερατικὴν
1073 3059 1237 3141 σάλπιγγα

294 3230 318 3265 v.
335 3215 368 3264 19
386 3210 418 3266 11.
434 3211 466 3280 Ε,
481 3216 534 3266 εοο

294 3373 320 3408 v.
336 3359 352 3408 ό
371 3354 509 3410 διονόσωι
531 3354 560 3408 Β
645 3351 822 3425 λγινόμενοι
845 3355 873 3409 A
959 3361 991 3410 11
1012 3355 1182 3425 φορκιδάλια
1200 3359 1238 3426 Α,

224 3442 292 3480 corr.
312 3425 351 3497 A,
376 3441 464 3496 marg.
481 3427 485 3496 Ι
503 3423 544 3480 ὅτι
568 3425 595 3479 ολ
618 3421 737 3495 βωμαῑοι
758 3423 835 3516 μίλια
858 3425 1034 3496 πατρίως-
1054 3427 1240 3499 συριγμάτων

223 3497 288 3558 τοὺς
306 3496 449 3564 σταθμούς
463 3495 485 3551 S
498 3499 503 3565 1
519 3494 595 3565 μίλια
609 3496 670 3565 AS,
690 3499 814 3566 μιλιαρια
828 3498 903 3569 Α,Β
972 3504 1005 3552 16
1024 3496 1184 3570 σαβέλλιτας
1198 3500 1239 3567 Χ,

224 3563 380 3629 σατέλλιτας
394 3566 552 3636 suspicatus
566 3570 610 3622 est
619 3568 663 3623 Rr
725 3573 758 3622 19
778 3565 844 3623 ὅσον
858 3569 886 3623 A
901 3570 906 3640 λ
921 3567 1088 3640 ἐννεαχίλιοι
1098 3571 1126 3624 Β
1138 3571 1141 3643 λ
1154 3573 1238 3626 δεκα-

224 3633 308 3706 χίλιοι
322 3638 354 3690 Χ
425 3643 458 3692 25
478 3637 665 3708 οἰανιζόμενος
678 3639 714 3708 Β,
734 3656 802 3694 corr.
822 3638 1010 3709 ολονιζόμενος
1030 3643 1034 3711 Ι
1057 3639 1141 3704 αλιτός
1159 3661 1190 3713 γε
1209 3643 1239 3695 Β
