2790 4214
236 310 258 373 4
611 304 720 362 LIBER
737 302 871 360 PRIMUS

196 475 311 550 Ρπαζε
338 469 394 536 καί
424 457 471 546 εἰς
497 470 596 553 τιμὴν
622 477 683 534 τοῦ
711 469 836 534 οἰκείου
868 467 975 550 δῆθεν
1000 465 1125 552 πατρὸς
1155 465 1245 529 ἱππι-

236 578 298 643 κὸν
324 576 436 660 άγῶνα
462 576 575 662 πρώτη
603 574 641 640 ἐν
658 573 781 662 Ἰταλίη
808 571 969 657 ἐτέλεσεν,
996 571 1033 648 ὃς
1060 572 1102 655 θη
1129 569 1184 636 καί
1213 568 1245 649 έξ

238 683 339 768 αὐτῆς
375 683 556 767 ὠνομάσθη
592 685 714 768 κίρκος.
771 680 809 746 έν
844 675 882 745 δὲ
913 679 1048 746 Ἑλλάδι
1083 679 1246 764 πρότερον

233 787 421 873 Ἐνυάλιος,
449 790 522 866 υίὸς
540 789 768 872 Ποσειδῶνος,
792 786 828 853 ἐν
849 785 986 873 ἡμέραις
1003 782 1175 861 Μωυσέως
1197 785 1247 848 δι·

211 897 338 984 επώλῳ
371 895 548 982 ἐχρήσατο,
588 895 753 979 Οἰνόμαος
784 891 840 958 καί
869 892 1011 979 ὕστερον
1037 891 1246 979 τετραπύλω·

239 996 337 1078 οὗτος
365 997 402 1066 δί
428 996 472 1084 ἧν
498 1002 654 1085 βασιλεὺς
677 1003 845 1084 Πισαίων,
874 995 934 1083 ἥγε
961 995 999 1064 δὲ
1025 999 1085 1063 τὸν
1113 997 1248 1063 ἱππικὸν

239 1107 352 1191 άγῶνα
375 1105 454 1191 μηνὶ
477 1109 619 1194 Μαρτίῳ
646 1107 777 1192 εἰκοστῇ
804 1106 940 1192 τετάρτη
968 1102 1161 1188 ὑψουμένου
1188 1113 1248 1169 τοῦ

235 1213 363 1279 Ἡλίου.
407 1212 463 1278 καί
491 1212 590 1289 αὐτὸς
613 1209 675 1298 μὲν
698 1211 812 1299 ἐφόρει
835 1212 979 1297 χλοανὸν
1005 1213 1111 1296 ἤγουν
1131 1211 1248 1296 πράσι-

239 1345 302 1386 νον
337 1316 422 1406 ὑπὲρ
455 1328 514 1403 τῆς
545 1327 617 1402 γῆς·
652 1319 669 1385 ὁ
703 1315 741 1384 δὲ
776 1317 1077 1403 ἀνταγωνιζόμενος
1113 1314 1248 1401 βένετον

200 1450 226 1490 ιο
240 1423 324 1512 ὑπὲρ
347 1435 405 1511 τῆς
426 1427 608 1509 θαλάσσης,
635 1423 691 1490 καί
718 1426 751 1490 οί
773 1422 835 1510 μὲν
856 1428 1022 1510 μεσόγειοι
1047 1426 1180 1509 ἔχαιρον
1202 1429 1248 1509 τῷ

239 1536 405 1622 πρασίνςο,
434 1534 467 1598 ολ
489 1528 527 1597 θλ
548 1533 706 1618 παράλιοι
728 1539 774 1620 τςό
797 1530 932 1620 βευέτςο·
960 1533 1110 1596 ἔπαθλον
1132 1525 1170 1594 θί
1193 1537 1250 1612 τῆς

241 1638 385 1723 ἀγωνίας
406 1639 528 1722 ταύτης
549 1641 720 1725 προετίθει
744 1639 909 1723 Οἰνόμαος
931 1646 977 1725 τῷ
999 1640 1169 1721 νικησοντι
1193 1635 1250 1700 αύ-

240 1747 301 1810 τὸν
327 1746 388 1829 την
417 1747 507 1810 ἰύίαν
533 1742 704 1835 θυγατέρα
726 1743 973 1829 Ἱπποδάμειαν,
1003 1744 1063 1809 τὸν
1088 1739 1130 1808 ’θί
1155 1742 1250 1827 ἡττη-

242 1850 346 1915 θέντα
370 1851 575 1934 φονεύεσθαι
593 1851 719 1916 αύτίκα.
755 1849 918 1935 μέλλοντα
935 1859 1021 1935 γοῦν
1038 1852 1097 1916 τὸν
1115 1848 1253 1915 Πέλοπα

204 1977 230 2018 ιε
244 1964 289 2043 τῷ
315 1957 469 2044 Οἰνομάῳ
492 1955 774 2040 ἀνταγωνίζεσθαι
797 1956 850 2023 ἐπὶ
877 1968 947 2034 τοῖς
970 1959 1151 2041 θηλωθείσι
1174 1973 1252 2022 συν-

242 2064 402 2147 θήμασιν,
431 2061 595 2149 ἑωρακυῖα
613 2062 827 2149 Ἱπποδάμεια
849 2064 981 2151 ἠράσθη
1009 2087 1044 2129 τε
1072 2063 1175 2129 αὐτοῦ
1198 2060 1253 2127 καί

243 2170 430 2255 προδίδωσι
453 2169 559 2257 τούτῳ
582 2171 622 2235 τά
649 2173 864 2256 μηχανήματα
886 2180 947 2236 τοῦ
973 2172 1112 2257 πατρός,
1139 2167 1182 2235 δι’
1205 2163 1254 2234 ὧν

244 2275 371 2362 ἐκράτει
398 2287 465 2341 τῶν
493 2275 808 2362 συναμιλλωμένων,
835 2276 890 2342 καί
918 2277 1004 2344 ούτω
1031 2276 1253 2362 παρεσκεύασε

243 2391 375 2465 νικῆσαι
397 2383 457 2448 τὸν
480 2381 625 2448 Πέλοπα.
671 2383 822 2461 κάκεῖνος
851 2386 987 2468 νικήσας
1015 2383 1119 2459 εὐθὺς
1145 2381 1254 2447 άνείλε

205 2509 232 2548 20
245 2484 306 2571 μὲν
330 2489 512 2575 Οἰνόμαον,
540 2492 639 2575 ἔγημε
664 2487 702 2555 δὲ
720 2490 955 2575 Ἱπποδάμειαν
982 2488 1036 2555 καί
1065 2488 1254 2573 ἐβασίλευσε

244 2589 305 2676 μὲν
327 2603 385 2677 τῆς
398 2594 556 2672 Ἑλλάδος
578 2598 633 2680 ἔτη
652 2598 829 2682 τριάκοντα
848 2596 943 2681 ὀκτώ,
967 2595 1099 2662 ἐκάλεσε
1122 2591 1159 2659 δὲ
1177 2595 1254 2659 ταύ-

244 2721 306 2782 την
324 2698 357 2778 ἐξ
377 2698 496 2766 ἑαυτοῦ
515 2705 784 2786 Πελοπόννησον.
817 2701 887 2768 ἀλλ’
912 2702 965 2768 ἐπὶ
983 2705 1023 2768 τά
1037 2705 1181 2789 πρότερα
1194 2702 1256 2766 πά-

246 2811 301 2870 λιν
319 2805 336 2871 ὁ
360 2808 458 2890 λόγος
482 2806 697 2873 ἐπανελθέτω.
729 2808 750 2892 ἡ
768 2810 832 2895 γάρ
846 2809 888 2892 δὴ
903 2816 1133 2896 προρρηθείσα
1147 2811 1255 2894 Κίρκη

245 2912 357 2997 πρώτη
385 2917 492 2978 τελείν
520 2913 674 2990 ἱππικούς
703 2913 833 2998 ἀγῶνας
863 2914 901 2980 ἐν
923 2914 1046 3002 Ἰταλίᾳ
1072 2937 1256 3001 προκαταρ-

207 3037 234 3079 ιι
247 3017 366 3103 ξαμίνη
394 3017 449 3084 καί
480 3020 701 3104 ἰπποὸρόμιον
731 3019 834 3087 ἐκεῖσε
862 3023 1093 3105 κατεσκεύασε,
1126 3023 1162 3087 τὸ
1195 3018 1257 3105 μὲν

149 3133 232 3188 ΠΡ
247 3135 349 3210 μῆκος
365 3126 535 3211 τεσσάρων
553 3127 707 3211 σταδίων,
726 3130 763 3193 τὸ
782 3125 820 3194 δὲ
837 3131 959 3206 πλάτος
978 3127 1065 3205 ἑνός·
1083 3129 1120 3193 τὸ
1140 3124 1177 3192 δὲ
1194 3138 1266 3206 RrI,
1277 3145 1312 3194 12

247 3230 349 3315 μέσον
377 3231 480 3296 αὐτοῦ
508 3230 641 3316 ἐποίησε
668 3232 862 3322 ξυλουργές,
892 3235 1082 3320 ὀνομάσασα
1112 3235 1257 3318 <ταύτην

319 3475 342 3512 v.
362 3465 379 3513 4
398 3460 507 3528 μόοεως
525 3459 553 3513 Ρ
649 3458 794 3532 9βίνετον
813 3462 841 3516 Ρ
933 3468 965 3516 21
989 3463 1083 3516 utrum
1105 3465 1138 3532 λη
1162 3478 1199 3516 an
1221 3463 1259 3533 λβ

248 3526 354 3581 habeat
376 3530 404 3582 P
429 3530 505 3584 haud
529 3529 677 3601 dispicitur
771 3539 804 3588 27
828 3531 989 3602 ὀνομάσασα
1016 3540 1097 3588 τοῦτο
1121 3531 1259 3601 εἰριππου

250 3595 368 3652 ἀπὸτοῦ
383 3598 537 3656 θαλασσίου
552 3599 688 3670 εἰρίππον
707 3602 803 3674 ἐπειδὴ
822 3604 856 3674 Ρ,
879 3603 991 3673 εὔριπος
1013 3607 1137 3659 καλεῖται
1160 3603 1190 3658 ἐκ
1208 3611 1258 3658 τοῦ

249 3665 403 3723 θαλαττίου
426 3670 491 3734 ἴσως
511 3671 626 3741 εόρίπον
650 3676 698 3728 καί
723 3682 772 3745 τῆς
798 3673 912 3738 ἑπτάκις
934 3676 1020 3730 αότοῦ
1043 3673 1260 3745 θιαυλοθρομίας
