2790 4214
7 643 36 736 Ι

223 293 267 358 56
586 293 695 348 LIBER
713 293 868 348 TERTIUS

188 465 207 521 S
222 461 318 541 μείου
332 455 386 522 ἐπὶ
400 457 437 522 τὸ
453 456 533 521 αὐτὸ
549 467 686 540 σημεῖον
699 460 855 540 γίνεσθαι
868 459 951 522 κατά
965 465 1067 541 μὴκος
1085 453 1141 520 καὶ
1155 456 1239 523 πλά-

225 588 281 640 τος
298 561 353 628 καὶ
376 565 494 648 βάθος,
517 564 578 646 τήν
601 560 638 628 δὲ
661 567 790 629 τελείαν
814 565 974 650 περίοδον
998 563 1035 628 ἐκ
1056 571 1114 646 τὴς
1138 579 1239 627 συνα-

225 679 335 752 γωγῆς
352 653 420 734 τῶν
442 669 546 755 ὁρίων
569 669 818 735 ἀποτελεῖσθαι·
840 680 928 755 τρείς
946 671 1009 756 γὰρ
1029 665 1119 736 εἶναί
1135 687 1240 754 φασιν

227 777 260 841 oi
283 775 414 862 ἀρχαῖοι
437 777 616 862 περιόδους
638 777 773 841 πάντων
790 787 858 841 τῶν
875 778 1063 860 πλανήτων,
1085 780 1241 860 μεγίστας

197 882 396 966 δέλαχίστας
425 882 539 967 μέσας,
571 881 626 947 καί
655 884 717 967 τὴν
743 879 805 967 μὲν
831 892 891 948 τοῦ
918 886 1055 970 Κρόνου
1082 886 1241 967 μεγίστην

226 988 307 1056 ἑπτά
338 987 392 1054 καὶ
424 991 628 1073 πεντήκοντα
660 988 757 1073 ἐτῶν,
788 991 850 1073 τὴν
880 986 918 1054 δὲ
944 991 1029 1066 Διὸς
1059 987 1155 1054 ἐννέα
1184 987 1240 1053 καὶ

227 1094 466 1181 ἑβδομήκοντα,
479 1094 596 1182 ”Αρεός
613 1119 651 1180 γε
674 1097 740 1180 μὴν
762 1095 795 1175 ἓξ
818 1097 902 1183 πρὸς
924 1107 994 1172 τοῖς
1016 1094 1172 1178 ἑξήκοντα
1196 1133 1239 1142 -

226 1198 315 1268 ὅθεν
331 1203 493 1280 τοσαύτας
515 1203 666 1287 χιλιάδας
688 1203 822 1290 ἀνδρῶν
845 1202 982 1287 ἐπήγετο
1004 1203 1021 1268 ὁ
1040 1206 1172 1289 Καῖσαρ
1196 1203 1240 1278 ὡς

210 1309 289 1375 ’κάν
312 1311 418 1398 τούτῳ
440 1317 487 1397 τῷ
509 1309 601 1395 μέρει
631 1309 863 1396 ἐμπειρότατος
891 1313 928 1375 ἔν
954 1333 989 1375 τε
1016 1317 1063 1398 τῷ
1090 1308 1240 1397 ἐμφυλίῳ

186 1435 213 1475 1⁰
227 1414 282 1482 καὶ
305 1415 342 1482 ἐν
364 1428 435 1493 τοῖς
461 1417 575 1493 ἀλλοις
602 1415 773 1501 πολέμοις,
801 1415 856 1482 καὶ
884 1418 1018 1493 εἰκότως
1045 1415 1173 1502 ἐκραίνει
1199 1453 1236 1462 -

221 1523 341 1588 Ἡλίου
365 1520 402 1588 δέ
425 1529 528 1589 είκοσι
551 1521 605 1588 καὶ
630 1522 747 1589 ἑκατόν
764 1561 808 1570 -
823 1519 864 1589 οὗ
887 1524 928 1607 δὴ
952 1524 1050 1610 χάριν
1073 1522 1242 1588 ἀδύνατον

227 1631 411 1715 ἀνθρωπον
425 1629 575 1695 ἐπέκεινα
588 1641 656 1695 τῶν
668 1631 839 1696 τοσούτων
852 1631 1002 1714 διαζῆσαι
1016 1629 1179 1695 ἐνιαυτῶν
1197 1667 1240 1675 -

227 1747 285 1822 τὴς
313 1733 350 1802 δέ
371 1735 571 1823 Ἀφροδίτης
603 1739 665 1803 δύο
697 1734 752 1802 καὶ
780 1737 986 1821 ὀγδοήκοντα
1012 1734 1067 1801 καὶ
1090 1739 1242 1821 Σελήνης

228 1845 313 1911 ὀκτὼ
336 1841 391 1908 καὶ
415 1842 539 1909 ἑκατόν.
575 1845 637 1927 τὴν
660 1840 697 1908 δέ
721 1843 896 1928 ἐλαχίστην
913 1846 1050 1930 Κρόνον
1069 1844 1241 1929 <τριάκον-

188 1969 214 2009 1⁵
229 1951 305 2034 τα>,
341 1951 426 2026 Διὸς
458 1951 670 2034 δυοκαίδεκα,
697 1947 814 2035 ’Ἀρεος
845 1951 1092 2035 πεντεκαίδεκα,
1126 1948 1168 2015 δι’
1201 1949 1243 2015 ὃν

228 2055 284 2123 καὶ
303 2058 362 2122 τὸν
384 2057 510 2122 κύκλον
531 2065 588 2141 τὴς
607 2056 786 2142 λεγομένης
806 2057 1024 2142 έπινεμήσεως
1043 2059 1075 2123 οἱ
1090 2057 1242 2142 Ῥωμαῖοι

229 2166 276 2240 εἰς
294 2173 393 2229 τοῦτο
412 2166 530 2229 ἔθεντο
549 2162 708 2250 ἀριθμοῦ,
727 2163 846 2230 Ἡλίου
866 2164 1107 2247 ἐννεακαίδεκα,
1121 2161 1243 2249 Ἀφρο-

229 2273 323 2355 δίτης
352 2270 452 2354 ὀκτώ,
478 2269 602 2356 Ἑρμοῦ
633 2275 737 2336 είκοσι
767 2269 822 2336 καί
852 2274 1003 2355 Σελήνης
1030 2269 1129 2365 μέντε
1159 2271 1243 2356 πρὸς

229 2390 299 2456 τοῖς
331 2385 444 2445 είκοσι.
496 2379 558 2462 τὴν
589 2374 627 2443 δέ
658 2376 764 2462 μέσην
793 2381 930 2464 Κρόνον
961 2374 1023 2462 μὲν
1054 2389 1157 2463 τριῶν
1187 2375 1243 2442 καὶ

190 2505 216 2545 ιο
230 2486 474 2572 τεσσαράκοντα
503 2485 586 2571 πρὸς
613 2493 659 2572 τῷ
680 2483 805 2569 ἡμίσει,
835 2487 919 2561 Διὸς
941 2483 1060 2566 <πέντε
1087 2482 1142 2549 καὶ
1172 2500 1243 2549 τεσ-

231 2593 417 2678 σαράκοντα
438 2592 521 2677 πρὸς
545 2599 592 2679 τῷ
613 2591 757 2675 ἡμίσει>,
770 2590 887 2677 ’Ἀρεος
905 2592 1149 2677 τεσσαράκοντα
1160 2590 1245 2677 πρὸς

231 2706 278 2784 τῷ
299 2696 420 2781 ἡμίσει,
439 2696 558 2762 Ἡλίου
579 2696 675 2762 έννέα
697 2695 752 2761 καὶ
777 2695 932 2781 ἐξήκοντα
953 2698 1037 2784 πρὸς
1059 2705 1104 2784 τῷ
1123 2697 1245 2781 ἡμίσει,

226 2803 425 2889 Ἀφροδίτης
447 2801 544 2867 πέντε
566 2803 649 2888 πρὸς
671 2813 740 2879 τοῖς
762 2803 1014 2888 τεσσαράκοντα,
1037 2805 1187 2888 Σελήνης
1211 2801 1245 2882 ἓξ

232 2907 287 2975 καί
311 2907 466 2991 ἑξήκοντα
488 2908 572 2992 πρὸς
593 2915 639 2994 τῷ
661 2905 779 2990 ἡμίσει.
815 2905 870 2972 καὶ
889 2909 923 2973 αἱ
941 2904 1003 2992 μὲν
1020 2908 1171 2993 μέγισται
1189 2908 1245 2974 καὶ

192 3038 218 3078 ετ
233 3017 400 3100 ἐλάχισται
427 3012 481 3078 καὶ
504 3013 600 3098 μέσαι
627 3014 778 3099 περίοδοι
805 3023 969 3098 τοιαῦται,
997 3017 1032 3080 αί
1059 3012 1097 3080 δὲ
1124 3015 1246 3082 τέλειαι

233 3122 511 3197 ἀποκαταστάσεις
533 3132 600 3184 τῶν
622 3122 799 3204 πλανήτων
821 3121 921 3186 οὕτω·
948 3124 1081 3208 Κρόνος
1102 3133 1246 3188 ποιεῖται

232 3234 294 3316 τὴν
318 3229 583 3297 ἀποκατάστασιν
606 3229 692 3292 ἔτεσι
719 3226 816 3294 πέντε
838 3226 893 3292 καὶ
917 3226 1073 3312 ἐξήκοντα
1095 3226 1151 3293 καὶ
1174 3229 1247 3293 δια-

305 3478 329 3513 v.
350 3466 384 3514 14
401 3459 504 3513 lacuna
522 3455 682 3526 quindecim
700 3455 858 3528 litteratum
877 3456 909 3524 ὃς
932 3473 1110 3512 numerorum
1133 3473 1247 3525 compu-

233 3532 280 3584 tus
298 3529 449 3599 cccccccccc
468 3527 654 3599 supplendum
670 3543 730 3581 esse
745 3527 855 3595 evincit,
873 3527 997 3598 itemque
1011 3528 1042 3581 in
1055 3527 1158 3582 lacuna
1176 3526 1248 3580 duo-

234 3600 327 3654 decim
345 3601 403 3654 fcrc
416 3600 575 3654 litterarum
593 3618 618 3654 v.
633 3605 667 3653 20
685 3605 721 3667 ᾖ
738 3600 809 3666 πρὸς
824 3604 861 3672 τῷ
876 3596 975 3668 ἡμίσει.
1012 3597 1144 3654 Mercurii
1157 3597 1247 3651 maxi-

233 3689 311 3727 mam
329 3674 358 3726 et
375 3671 499 3725 mediam
516 3668 650 3739 περίοδον
668 3670 771 3725 omisit.
