2788 4222
565 313 769 368 PRAEFATIO
1121 311 1172 367 XV

165 479 329 562 ἀγάλματος
351 489 403 540 τοῦ
426 477 458 540 ἐν
484 485 524 564 τῷ
552 480 749 566 Αὐγουστείῳ.
774 514 816 523 -
838 502 866 558 p.
892 484 973 556 6,28
996 479 1063 560 περὶ
1085 479 1173 562 ἀνάλ-

167 591 257 648 ματος
279 577 331 647 τῆς
352 569 603 650 Εὐγνωμοσύνης.
624 604 665 612 —
683 591 712 646 p.
729 573 785 645 7,1
811 568 877 650 περὶ
899 568 1063 651 ἀγάλματος
1078 571 1172 651 Προοί-

161 679 231 718 κου.
256 691 293 700 -
319 680 348 735 p.
373 661 459 733 7,17
491 656 558 738 περὶ
585 656 748 739 ἀγάλματος
784 657 899 738 ἔχοντος
932 656 964 718 ἐν
995 669 1030 744 τῇ
1058 664 1172 744 κεφαλῇ

163 743 276 827 κέρατα.
292 779 334 788 -
348 767 375 823 p.
392 749 421 822 8,
433 749 474 808 20
492 744 559 826 τεερί
572 745 735 827 ἀγάλματος
749 745 781 808 ἐν
799 745 888 830 κε’τρα
906 755 958 826 τῆς
968 741 1115 828 Ἀραβίας.
1134 781 1170 792 -

163 857 192 912 p.
217 838 297 908 8,28
321 835 387 915 περὶ
410 833 554 915 ἀνδρείας.
578 869 620 878 -
643 857 672 913 p.
698 839 779 911 9,10
801 833 870 896 ἄλλο
893 835 960 918 ττερλ
982 839 1088 899 Γετῶν.

229 925 267 983 Π.
291 926 386 999 Ιοοοε,
413 925 464 1000 qui
487 945 564 983 nexu
587 926 690 1001 aliquo
716 927 881 1003 iunguntur
903 945 971 984 oum
995 926 1175 1002 quibusdam

162 1014 232 1072 libri
255 1015 291 1072 de
313 1014 463 1073 mensibus
485 1015 694 1091 paragraphis,
722 1033 853 1091 quosque
877 1016 947 1074 olim
970 1015 1001 1072 in
1024 1016 1076 1075 illo
1100 1015 1173 1074 exti-

162 1103 235 1162 tisse
259 1103 315 1161 etsi
336 1102 490 1178 probabile
521 1105 578 1176 est,
611 1107 744 1162 attamen
773 1123 833 1163 non
859 1104 904 1162 ita
926 1107 1056 1178 constat,
1086 1108 1120 1162 ut
1141 1105 1175 1163 in

164 1191 325 1252 editionem
356 1191 509 1266 potuerint
538 1191 641 1266 recipi:
674 1213 702 1268 p.
726 1193 785 1266 4,3
809 1189 876 1271 περὶ
903 1189 1102 1271 ἀτραβατικῶν
1131 1219 1172 1241 ==

164 1280 200 1338 de
223 1299 314 1339 mens.
333 1282 457 1356 p.12,2
479 1272 530 1362 (af.
545 1281 581 1338 de
599 1300 676 1358 mag.
696 1281 783 1356 117,
806 1281 858 1357 qui
880 1281 961 1340 loeus
985 1282 1023 1339 ad
1045 1282 1175 1358 primum

165 1368 201 1426 de
218 1369 368 1428 mensibus
386 1368 505 1442 librum,
528 1369 625 1444 qualis
640 1369 716 1429 ‘olim
734 1370 801 1443 fuit,
823 1369 941 1429 videtur
959 1362 1116 1451 spectare).
1132 1401 1174 1410 -

163 1478 192 1533 p.
220 1460 251 1531 4,
261 1460 304 1517 20
335 1454 402 1536 περὶ
432 1454 595 1536 ἀγάλματος
631 1466 807 1538 κρατοῦντος
844 1457 916 1536 δόρυ
945 1483 987 1506 =
1016 1459 1052 1517 de
1083 1477 1173 1517 mens.

165 1566 193 1621 p.
228 1547 340 1620 80,12.
374 1578 416 1587 -
448 1566 477 1621 p.
511 1547 591 1620 5,15
624 1543 691 1626 ττερί
721 1543 884 1626 ἀγάλματος
915 1545 1032 1626 ἔχοντος
1062 1547 1176 1624 ψαλίδα

164 1637 275 1712 χαλκῆν
299 1659 341 1681 =
365 1635 400 1692 de
427 1653 517 1693 mens.
545 1655 574 1710 p.
599 1636 650 1709 84,
661 1637 690 1693 3.
713 1668 755 1677 -
778 1655 807 1711 p.
832 1637 890 1710 6,ss
918 1634 985 1715 περὶ
1011 1633 1176 1716 ἀγάλματος

164 1729 218 1782 τοῦ
245 1721 318 1794 Διός
341 1749 383 1770 =
407 1723 443 1780 de
472 1741 563 1782 mens.
586 1709 617 1799 pf
641 1725 713 1798 124,
725 1725 752 1783 5.
777 1755 819 1764 -
842 1745 870 1800 p.
896 1727 975 1799 7,13
999 1723 1067 1804 περὶ
1089 1722 1177 1804 ἀγάλ-

166 1832 256 1888 ματος
283 1820 335 1890 τῆς
362 1813 423 1890 Γῆς
447 1838 488 1859 =
512 1813 548 1870 de
574 1831 664 1871 mons.
692 1833 720 1889 p.
746 1815 818 1887 139,
830 1816 857 1872 7.
882 1845 922 1854 -
946 1835 975 1890 p.
1000 1816 1029 1888 7,
1041 1816 1080 1872 26
1110 1811 1177 1894 κερλ
1256 1853 1257 1856 =

165 1897 329 1978 ἀγάλματος
351 1908 404 1960 τοῦ
428 1895 538 1980 Ἑρμοῦ
557 1927 600 1948 ---
622 1901 761 1960 demens.
780 1922 809 1977 p.
826 1904 958 1977 132,1Ο.
984 1935 1025 1944 -
1049 1924 1077 1979 p.
1094 1904 1123 1977 8,
1135 1905 1174 1962 12

165 1985 234 2068 περί
247 1987 421 2068 Αὐγούστου
437 1984 469 2066 (l.
483 1982 648 2068 Καίσαρος)
663 1989 796 2069 εὐτυχίας
806 2017 848 2038 =
858 1992 894 2049 de
908 2010 999 2050 mens,
1013 2013 1042 2068 p.
1055 1993 1176 2067 143,10

166 2069 301 2160 (ἄπειρος
322 2077 430 2157 χειμών
453 2078 507 2152 ed.,
530 2075 618 2158 μέγας
640 2078 757 2139 κλυδών
780 2075 828 2158 R).

232 2167 286 2224 ΠΙ.
313 2167 407 2241 locos,
436 2167 487 2242 qui
510 2186 576 2225 eum
598 2168 773 2244 fragmentis
801 2168 977 2245 quibusdam
1003 2169 1177 2228 iamdudum

166 2255 367 2316 Laurentiano
399 2255 475 2315 libro
507 2256 543 2313 de
572 2257 722 2315 mensibus
753 2257 873 2316 tributis
904 2257 949 2316 ita
980 2258 1177 2330 consentiunt,

166 2348 201 2402 ut
233 2363 268 2402 ex
298 2345 352 2404 illo
384 2345 555 2419 desumptos
588 2363 636 2405 eos
669 2365 731 2404 esse
763 2349 921 2421 appareat:
953 2366 981 2421 p.
1006 2347 1087 2420 3,18
1111 2343 1177 2425 περὶ

167 2431 368 2513 Αὐγουστείον
383 2459 425 2480 =
445 2433 480 2492 de
503 2451 594 2492 mena.
617 2454 646 2509 p.
664 2436 736 2508 163,
748 2436 775 2493 3.
799 2467 834 2475 -
855 2455 883 2510 p.
899 2437 981 2509 4,12
1005 2432 1073 2513 περὶ
1090 2431 1177 2513 ἀγοίλ-

167 2542 257 2600 ματος
278 2514 461 2600 Ἰανουαρίον
485 2547 527 2568 =
551 2523 587 2580 de
610 2541 701 2581 mens.
724 2543 752 2598 p.
778 2525 829 2597 64,
840 2524 867 2581 6.
892 2556 934 2572 -ν
957 2544 985 2600 p.
1006 2525 1087 2596 4,28
1111 2520 1176 2603 περί

169 2607 333 2690 ἀγάλματος
354 2619 532 2689 κρατοῦντος
553 2609 683 2690 κιθάραν
707 2638 749 2658 =
767 2611 804 2670 de
826 2631 916 2671 mens.
940 2632 969 2688 p.
986 2614 1177 2686 107,17.-

166 2719 195 2775 p.
221 2700 249 2773 5,
260 2701 302 2760 20
325 2697 391 2780 περὶ
413 2697 577 2779 ἀγάλματος
600 2700 793 2778 βαστάζοντος
815 2700 947 2781 πύργους
966 2727 1008 2749 ==
1027 2702 1063 2759 de
1086 2720 1176 2760 mens.

166 2808 195 2864 p.
221 2789 294 2862 114,
304 2790 332 2846 6.
352 2819 394 2828 —
417 2809 445 2864 p.
470 2789 542 2863 5,24
565 2786 633 2869 τεερί
661 2786 825 2869 ἀγάλματος
854 2786 940 2849 κτένα
969 2786 1111 2869 φέροντος
1135 2817 1177 2838 =

167 2876 203 2934 de
226 2895 317 2935 mens.
336 2897 364 2952 p.
386 2879 459 2950 116,
474 2879 524 2937 20.
548 2910 590 2919 -
614 2898 642 2954 p.
662 2880 721 2952 6,4
744 2876 811 2958 περὶ
833 2875 996 2958 ἀγάλματος
1018 2887 1070 2938 τοῦ
1090 2872 1178 2960 Ἡρα-

167 2961 271 3036 κλέους
285 2991 327 3012 =
341 2965 378 3024 de
401 2984 492 3024 mena.
511 2986 539 3042 p.
556 2968 689 3040 120,14.
714 3001 755 3008 -
778 2969 903 3042 p.6,18
927 2965 993 3047 περὶ
1015 2965 1179 3048 ἀγάλματος

166 3062 315 3132 κτερωτοῦ
337 3062 390 3112 τοῦ
416 3046 527 3134 Ἑρμοῦ
550 3081 592 3102 =
616 3055 764 3115 demens.
788 3077 816 3132 p.
842 3057 975 3122 129,15.
1000 3089 1041 3098 —-
1065 3077 1093 3132 p.
1118 3057 1177 3130 8,3

167 3139 234 3223 περὶ
257 3141 433 3222 Αὐγούστου
457 3141 550 3220 μηνός
573 3169 615 3191 =
639 3145 787 3204 demens.
810 3166 838 3221 p.
865 3146 938 3219 150,
947 3147 977 3204 4.

236 3229 295 3289 Sed
316 3231 404 3289 huius
426 3232 510 3290 tertii
533 3225 805 3308 quoque'looorum
833 3235 948 3311 generis
975 3235 1077 3309 partes
1100 3232 1179 3290 inter

168 3337 200 3380 ee
224 3319 377 3378 differunt:
400 3323 453 3379 aut
476 3321 555 3378 enim
577 3323 765 3382 consentiunt
787 3323 831 3381 ita
849 3342 916 3382 eum
933 3321 1056 3398 reliquis
1070 3320 1179 3397 Lydia·

168 3427 274 3467 norum
304 3409 437 3468 eodieum
465 3409 697 3485 recensionibus,
732 3414 767 3470 ut
798 3411 864 3487 ipsa
895 3410 1049 3469 Laurentii
1080 3409 1180 3485 verba,

168 3497 303 3572 pleniora
316 3497 473 3572 interdum,
493 3501 610 3558 servata
624 3517 686 3558 esse
700 3520 754 3575 per
767 3499 896 3559 codicem
909 3499 936 3556 R
955 3501 1108 3574 appareat,
1127 3503 1180 3558 aut

170 3585 207 3643 ab
229 3586 290 3644 illis
313 3586 492 3646 dissentiunt
514 3587 657 3662 pluribus,
679 3593 714 3647 ut
736 3607 754 3646 a
772 3588 894 3646 librario
912 3587 1070 3648 videantur
1093 3589 1179 3648 omit·

168 3674 259 3734 tendo
278 3677 308 3733 et
326 3675 460 3734 addendo
478 3675 644 3735 immutata.
678 3696 736 3752 quo
755 3677 868 3735 factum
887 3678 939 3751 est,
958 3679 993 3735 ut
1011 3678 1092 3737 locos
1109 3677 1178 3738 illos
