2788 4222
216 271 293 328 XXX
617 267 823 324 PRAEFATIO

218 439 280 516 agi:
312 439 388 497 hano
414 441 517 497 autem
542 437 639 513 ipsam
666 438 788 496 tertiam
814 440 931 513 partem
953 437 992 500 ad
1014 436 1137 498 verbum
1159 455 1226 496 oon·

216 527 327 588 sentire
357 544 424 586 cum
452 525 595 602 Lydianis
625 526 769 602 excerptis
800 517 841 607 (p.
867 522 1015 603 104,22).
1063 543 1130 587 cum
1157 545 1226 590 vero

218 617 272 674 has
300 618 360 674 tres
387 617 488 690 partes
516 614 553 674 ab
581 615 683 674 eodem
711 617 831 674 auctore
858 615 1039 690 conscriptas
1068 632 1131 674 esse
1159 633 1226 675 oon·

217 707 278 764 stet
309 721 343 764 eo
381 704 460 779 quod
491 721 687 780 unaquaeque
720 703 833 779 pariter
868 702 994 763 excellat
1029 702 1127 762 studio
1159 722 1226 780 geo-

218 793 411 870 graphorum,
438 812 537 852 rerum
558 791 759 867 Iudaicarum,
786 792 972 852 oraculorum
995 809 1071 867 quae
1095 790 1227 867 Sibyllae

217 881 336 941 nomine
368 881 518 956 tenuntur,
553 881 718 940 necessario
749 879 847 956 sequi,
882 883 917 940 ut
952 882 1034 940 totus
1067 879 1118 940 ille
1149 884 1226 940 trac-

218 972 301 1030 tatus
332 968 494 1030 Laurentio
525 967 609 1045 Lydo
644 968 801 1028 tribuatur.
854 968 887 1028 in
922 987 1013 1044 quam
1049 968 1228 1028 sententiam

217 1059 289 1117 dum
317 1057 441 1134 pedibus
471 1077 518 1133 eo,
548 1057 692 1116 nonnulla
721 1057 827 1118 addere
860 1057 962 1132 liceat3
991 1075 1062 1116 nam
1084 1059 1115 1116 et
1137 1057 1227 1118 inter·

218 1146 348 1223 pretatio
370 1146 424 1206 illa
446 1145 574 1206 nominis
595 1145 727 1222 Sibyllae
749 1165 765 1204 e
787 1145 891 1223 lingua
912 1145 1008 1204 letina
1031 1144 1158 1205 deducte
1181 1137 1227 1226 (rb

220 1235 352 1314 Σίβυλλα
374 1232 507 1314 §acutat
531 1230 605 1307 λέξις
634 1231 712 1294 ἐστὶν
739 1231 958 1312 ἓρμηνευομένη
984 1226 1145 1315 προφῆτις)
1168 1234 1227 1310 Ly·

218 1324 342 1384 dianam
363 1323 466 1382 stilum
482 1324 672 1384 vehementer
694 1323 781 1400 sapit,
804 1325 835 1384 et
856 1341 969 1382 morem
990 1322 1081 1384 fixisse
1100 1323 1229 1382 auctoris

220 1414 322 1487 nostri,
344 1411 396 1470 ubi
418 1431 511 1472 unum
533 1411 669 1490 attigerit
686 1431 805 1487 numen,
826 1411 942 1488 reliqua
960 1430 1077 1489 quoque
1095 1411 1227 1474 eiusdem

220 1500 347 1561 nominis
360 1519 507 1577 enarrare,
524 1501 606 1560 haud
617 1500 801 1578 ignoramus3
819 1520 844 1560 e.
858 1521 887 1578 g.
906 1500 1039 1560 conferas
1057 1519 1085 1576 p.
1103 1502 1227 1576 12135,

220 1590 273 1650 ubi
309 1590 344 1650 de
381 1592 494 1665 septem
529 1589 705 1650 Herculibus
742 1588 850 1666 agitur.
903 1589 1092 1648 Iudaicarum
1128 1592 1229 1650 autem

211 1697 319 1762 *rerum
341 1678 481 1752 studium,
504 1677 586 1738 cuius
608 1678 736 1756 vestigia
759 1677 877 1754 saepius
903 1678 936 1736 in
957 1678 1012 1738 hoo
1038 1680 1171 1738 uaetatu
1193 1679 1228 1737 de

221 1766 343 1842 Sibyllie
375 1769 544 1840 occurrunt,
575 1785 628 1826 nos
659 1786 720 1827 non
751 1767 880 1826 offendet
909 1765 942 1824 in
970 1756 1144 1842 Laurenti0,
1177 1766 1229 1842 qui

221 1854 289 1914 aliis
320 1874 438 1931 quoque
470 1855 542 1914 locis
573 1855 649 1914 talia
678 1855 811 1930 exponit3
843 1873 868 1914 e.
895 1874 924 1930 g.
953 1855 1042 1914 adem
1075 1858 1229 1916 auctorum

220 1942 348 2003 indicem
378 1961 400 2002 s.
422 1963 451 2003 v.
474 1936 608 2024 Ἑβραῖοι
637 1946 668 2001 et
696 1942 849 2002 nominum
877 1941 1004 2002 indicem
1031 1961 1053 2002 s.
1076 1963 1104 2002 v.
1133 1945 1227 2004 Μωυ-

221 2039 284 2109 σῆς.
329 2051 424 2107 neque
454 2032 584 2092 alienum
613 2035 659 2092 est
686 2050 704 2091 a
728 2030 806 2108 Lydi
834 2030 1020 2108 indulgentia
1048 2031 1081 2091 in
1110 2031 1228 2110 religio·

220 2139 292 2180 num
314 2119 457 2196 mysteria
483 2138 637 2196 conversa,
669 2121 749 2196 quod
774 2119 965 2196 proferuntur
991 2120 1125 2195 oracula,
1151 2139 1228 2196 quae

221 2209 338 2286 Sibylla
366 2209 543 2270 Iudaeorum
574 2209 646 2269 olim
678 2209 814 2284 ediderit,
847 2226 914 2268 oum
941 2207 974 2268 in
1002 2208 1125 2285 reliquis
1157 2228 1228 2285 quo·

211 2318 278 2375 ¹que
307 2297 377 2358 libri
406 2299 442 2357 de
470 2297 619 2358 mensibus
648 2297 783 2373 pertibus
814 2296 925 2373 passim
956 2298 1077 2358 oracula
1108 2298 1227 2374 prolata

221 2387 355 2446 invenias
388 2378 430 2467 (v.
453 2390 530 2446 auct.
551 2386 613 2446 ind.
636 2403 658 2445 s.
681 2406 709 2445 v.
736 2379 886 2467 χρησμός).
944 2389 1075 2446 ceterum
1109 2406 1228 2450 monere

221 2475 320 2551 liceat,
342 2477 495 2536 oraculum
516 2475 600 2549 illud,
622 2475 702 2551 quod
723 2475 760 2534 de
782 2473 942 2534 Antiochia
967 2474 1046 2534 bello
1073 2475 1229 2536 devastata

222 2565 326 2623 datum
361 2565 475 2639 profert
511 2563 705 2638 Laurentius,
740 2563 780 2622 ad
810 2562 929 2623 irritum
963 2563 1044 2622 haud
1077 2563 1228 2625 condisse:

222 2654 326 2711 narrat
338 2651 416 2710 enim
431 2653 495 2728 ipse
510 2655 613 2712 auctor
626 2655 727 2712 noster
746 2651 827 2712 urbis
847 2651 928 2712 illius
948 2651 1095 2710 excidium
1107 2652 1139 2712 in
1152 2653 1228 2715 libro

222 2760 311 2817 quem
333 2739 369 2798 de
391 2741 616 2816 magistratibus
638 2740 741 2817 populi
763 2740 890 2800 Romani
913 2740 1086 2817 conscripsit
1108 2741 1162 2814 III,
1174 2743 1229 2801 54:

221 2830 300 2888 unde
322 2829 493 2905 concludas,
520 2829 689 2890 interfuisse
711 2829 774 2888 eius
796 2828 952 2889 historiam
974 2828 1055 2890 illius
1077 2830 1229 2906 temporie,

215 2935 282 2994 quo
305 2936 358 2994 per
381 2936 433 2978 ora
461 2918 593 2978 omnium
622 2917 774 2978 oraculum
802 2918 878 2978 illud
906 2917 1046 2978 volitasse
1076 2918 1229 2994 probabile

222 3010 277 3082 est,
299 3005 425 3083 posteris
443 3007 570 3066 tradere.
605 3025 678 3066 num
695 3024 774 3082 vero,
798 3007 928 3083 quaeda
947 3009 1034 3066 antro
1049 3004 1180 3068 Cumano
1200 3010 1230 3066 et

222 3095 259 3156 de
273 3093 370 3172 Cypro
383 3094 482 3155 insula
496 3096 667 3170 afferuntur,
684 3094 728 3153 ita
745 3113 814 3154 cum
826 3093 955 3156 Maassio
974 3093 1034 3156 sint
1048 3095 1230 3170 explicanda,

222 3188 258 3245 ut
280 3201 429 3245 sumamus
451 3184 568 3259 Lydum
590 3182 767 3258 describere,
785 3201 862 3258 quae
884 3183 948 3258 ipse
970 3183 1090 3258 viderit,
1121 3184 1176 3244 hoc
1197 3183 1230 3242 in

222 3273 320 3333 medio
351 3272 530 3348 relinquam:
568 3290 732 3348 numquam
774 3271 853 3330 enim
888 3272 921 3330 in
955 3270 1022 3344 illo,
1059 3288 1134 3346 quae
1166 3271 1230 3348 ipse

222 3361 370 3422 invenerit
401 3380 535 3438 quaeque
571 3381 607 3420 ex
642 3360 711 3422 aliis
746 3359 946 3435 transtulerit,
985 3359 1058 3418 satis
1094 3364 1230 3422 accurate

217 3467 356 3512 sciemus.

216 3595 220 3606 ,
291 3536 504 3607 Quaerentibus
534 3542 647 3615 autem,
682 3556 840 3614 quemnam
868 3537 966 3597 locum
995 3535 1073 3598 inter
1102 3538 1231 3614 reliquos

158 3661 176 3677 -
217 3625 378 3688 ¹Laurentii
407 3629 520 3688 codices
550 3630 674 3703 occupet
701 3626 769 3686 Par.
793 3646 836 3704 gr.
864 3628 944 3702 854,
977 3625 1052 3686 nihil
1081 3626 1230 3688 affirmare
