2788 4222
211 285 325 342 xxvffl
610 283 816 339 PRAEFATIO

210 452 243 515 τὸ
275 448 437 532 προστεθὲν
464 448 588 529 ἀφέντες
622 449 689 532 τιερλ
724 459 777 512 τοῦ
808 449 905 512 πόθεν
936 447 1044 530 άρρενα
1074 445 1094 528 ἢ
1126 449 1221 527 θήλεα

210 541 333 601 τίκτεται
355 537 428 601 κατὰ
445 540 516 614 τοὺς
538 538 686 618 φυσικοὺς
707 536 841 622 ἐροῦμεν,
865 543 896 599 et
920 539 1066 614 descripto
1092 539 1219 598 medica·

210 629 290 689 mine
312 629 374 704 illo,
398 647 456 706 quo
479 629 541 689 iam
562 628 595 688 in
617 628 716 689 codice
738 629 765 688 a
784 628 1003 689 offendebamur
1026 619 1106 709 (vide
1130 645 1221 704 supro

210 738 238 794 p.
253 709 348 800 XVI),
367 717 505 795 quodque
523 717 555 777 in
568 717 677 778 nostris
692 716 839 777 codicibus
853 717 895 776 sic
908 712 1025 792 plenius
1042 716 1221 775 delineatur:

211 804 227 867 d
245 799 279 888 (ἡ
298 799 376 888 eod.)
395 803 427 866 dl
440 799 507 867 Ἀντ
537 805 607 879 ονός
620 822 695 884 φησι
708 804 740 867 τὸ
754 804 926 886 θηλαμόνον
941 795 1126 887 (θηλάγονον
1140 803 1203 864 cod.

210 891 261 954 ιιαλ
288 891 484 976 ἀρρενομόνον
508 805 722 977 ἵάρρενόμονον
744 887 822 976 cod.)
845 893 972 973 βοτάνας
994 885 1119 974 (βοτάνη
1142 892 1204 954 cod.

209 976 296 1061 εἶναι,
314 980 372 1044 tet
387 979 419 1043 δὲ
432 992 485 1044 τοῦ
499 982 666 1061 συμβάντος
683 980 739 1061 τὴν
756 980 928 1060 ἐπωνυμίαν
946 979 1036 1054 αὐτάς
1054 978 1218 1060 εἰληφέναι·

209 1070 242 1133 τὸ
265 1067 395 1152 μὲνγὰρ
418 1070 517 1133 αὐτῶν
538 1076 635 1132 ποιεῖν
657 1068 709 1144 τὰς
731 1069 917 1149 θηλντάιιοος
940 1067 1165 1152 ἀρρενοτάιιονς,
1188 1067 1220 1130 τὸ

210 1156 243 1220 δὲ
272 1158 444 1240 θηλομόνον
475 1152 660 1242 (θηλάγονον
689 1156 765 1239 cod)
796 1157 943 1220 άνάιιαλιν
972 1157 1133 1238 πινόμενον
1157 1150 1220 1240 (ντί-

209 1253 318 1309 νεοθαι
336 1243 414 1332 cod.)
437 1249 598 1329 τριώβολον
616 1241 783 1331 (τριάβολον
805 1240 883 1331 οοᾶ.)
906 1244 938 1308 ἐν
961 1246 1033 1332 οἴνιμ
1056 1244 1115 1307 άπὸ
1136 1247 1220 1326 πρωΐ.

209 1341 300 1414 atque
323 1336 360 1396 de
382 1337 428 1398 his
450 1337 547 1398 tribue
570 1337 780 1398 additamentis
802 1358 895 1396 unum
911 1336 1049 1413 idemque
1067 1335 1221 1396 ferendum

210 1444 273 1486 esse
286 1425 431 1486 iudicium
444 1430 582 1504 apparet:
606 1429 659 1486 aut
673 1427 752 1486 enim
765 1426 941 1504 legebantur
955 1424 1027 1484 olim
1038 1423 1071 1484 in
1084 1423 1219 1501 Lydiano

208 1515 286 1574 libro
305 1547 348 1557 --
366 1518 431 1576 tum
451 1516 483 1575 in
506 1515 666 1576 editionem
688 1515 858 1592 recipienda
880 1516 949 1574 sunt
968 1546 1020 1588 -—‚
1042 1516 1095 1573 aut
1116 1515 1221 1589 postea

208 1603 325 1663 intnrsa
347 1607 418 1664 sunt
436 1604 532 1665 aviro
554 1604 684 1681 quodam
702 1604 789 1664 docto
803 1636 846 1646 --
859 1605 925 1662 tum
941 1602 1087 1662 removeri
1104 1601 1220 1661 debent.

210 1711 265 1770 ego
294 1693 351 1752 hac
376 1692 409 1752 in
437 1712 469 1752 re
500 1689 612 1770 ambigi
634 1710 720 1769 posse
748 1692 875 1752 libenter
904 1691 1044 1751 concedo:
1074 1709 1145 1750 nam
1167 1707 1221 1750 nec

209 1780 331 1858 gloriari
345 1780 436 1840 Plinii
450 1781 569 1842 nomine
586 1782 687 1857 inepte
701 1780 898 1840 recentiorum
920 1779 1093 1839 commentis
1116 1778 1219 1854 indito,

209 1889 305 1946 neque
327 1868 473 1946 Antigoni
496 1869 607 1945 scripta
629 1868 767 1928 adhibere
790 1887 808 1927 a
830 1867 986 1926 Laurentii
1006 1866 1125 1944 iugenio
1149 1866 1221 1926 alie·

209 1978 281 2017 num
304 1961 356 2016 est.
402 1960 506 2017 contra
529 1960 629 2017 autem
651 1975 769 2018 monere
792 1956 889 2030 liceat,
913 1955 1026 2015 codices
1049 1958 1079 2015 et
1097 1956 1124 2014 X
1143 1958 1173 2014 et
1192 1955 1220 2031 S,

210 2046 291 2122 quod
314 2046 433 2122 quidem
455 2065 472 2106 e
494 2045 615 2122 reliquis
633 2044 828 2104 Laurentium
845 2043 915 2102 libri
932 2044 1067 2121 partibus
1086 2046 1221 2120 apparet,

209 2137 366 2196 auctorum
387 2135 509 2195 nomina
531 2133 691 2212 diligenter
712 2151 859 2194 servasse:
883 2152 974 2209 quare
992 2132 1056 2192 veri
1077 2132 1159 2192 haud
1175 2132 1219 2191 ita

208 2243 272 2284 esse
292 2223 396 2300 simile,
419 2225 578 2283 omissuros
597 2241 646 2283 eos
664 2221 756 2284 iniisse
774 2225 804 2282 et
821 2221 912 2280 Plinii
930 2225 961 2281 et
973 2220 1119 2298 Antigoni
1136 2240 1217 2280 men·

207 2313 321 2374 tionem
353 2312 432 2390 apud
458 2312 587 2389 Lydum
602 2314 758 2388 repertam.
813 2329 938 2387 cumque
966 2313 1043 2370 esset
1073 2309 1219 2386 quaestio,

209 2402 353 2478 quidnam
375 2402 519 2462 editorem
536 2401 634 2460 facere
653 2400 768 2460 deceret
790 2399 822 2459 in
843 2419 875 2458 re
892 2403 957 2458 tam
975 2398 1074 2473 dubia,
1097 2417 1161 2476 ego,
1183 2416 1220 2457 ne

209 2491 282 2567 quid
303 2491 411 2550 incerti
431 2491 464 2550 in
490 2489 652 2551 editionem
680 2488 852 2565 reciperem,
884 2487 1048 2548 omittenda
1077 2486 1132 2546 illa
1157 2505 1219 2546 esse

210 2578 294 2653 duxi,
316 2581 351 2637 ut
374 2597 450 2656 quae
472 2578 608 2655 Lydiana
631 2595 694 2638 esse
712 2577 799 2636 certis
818 2577 1000 2655 argumentis
1023 2575 1220 2635 demonstrari

208 2670 350 2744 nequeat;
372 2668 417 2726 ita
439 2669 473 2726 ut
495 2667 684 2744 aliquatenus
702 2665 885 2726 consentiam
903 2685 972 2725 cum
988 2664 1219 2739 Krumbachero‚

208 2755 275 2832 qui,
304 2757 338 2814 ut
365 2773 457 2832 supra
487 2755 628 2830 diximus,
663 2775 691 2831 p.
716 2756 779 2814 347
810 2754 900 2814 verba
930 2754 1052 2813 alterius
1083 2752 1218 2813 codicum

210 2843 325 2922 generis
348 2841 408 2904 ἔστι
430 2839 462 2904 δὲ
480 2843 591 2922 βοτάνη
608 2877 649 2886 -
661 2842 806 2924 τριώβολα
825 2845 926 2919 aperte
948 2841 1132 2920 interpolata
1155 2860 1218 2901 esse

209 2931 368 2992 contendit.

218 3063 220 3066 -
275 3022 322 3080 Ex
333 3021 381 3097 iis,
400 3039 477 3097 quae
489 3020 578 3082 modo
593 3019 759 3096 attulimus,
778 3020 922 3096 sequitur,
940 3019 1036 3079 tribus
1054 3017 1220 3079 rationibus

209 3114 362 3172 servatum
388 3108 473 3169 nobis
500 3129 563 3170 esse
592 3112 755 3169 tractatum
783 3109 869 3168 illum
892 3109 928 3168 de
955 3108 1146 3186 generatione
1167 3108 1219 3168 ho·

208 3200 305 3260 minis.
361 3200 414 3258 aut
445 3197 524 3257 enirn
555 3217 615 3256 una
648 3215 715 3257 curn
745 3197 869 3274 reliquis
901 3197 1046 3274 excerptis
1077 3196 1220 3272 Lydianis

208 3287 338 3348 traditur
360 3289 482 3347 anctore
509 3287 592 3346 nullo
619 3287 786 3362 nominato,
813 3290 869 3347 aut
890 3305 944 3363 per
965 3304 996 3346 ee
1019 3288 1081 3345 stat
1106 3285 1139 3344 in
1161 3285 1219 3344 sin·

209 3377 288 3454 gulis
318 3375 466 3436 codicibus
497 3375 598 3436 addito
629 3373 738 3452 Splinii
766 3375 897 3452 nomine,
930 3374 1013 3435 ouius
1042 3373 1220 3434 recensionis

208 3464 318 3540 duplex
350 3467 433 3524 extet
464 3483 570 3542 genus,
603 3464 731 3540 emplius
762 3484 854 3523 unum
886 3467 917 3522 et
946 3463 978 3522 in
1007 3463 1125 3522 breuius
1152 3481 1219 3523 con-

208 3555 340 3612 tractum
371 3555 507 3613 alterurn.
563 3555 655 3629 atque
685 3553 759 3613 haec
796 3552 916 3630 quidem
952 3552 1010 3612 duo
1041 3569 1150 3629 genera
1182 3550 1221 3608 ad

211 3660 303 3700 unum
332 3641 470 3717 idemque
499 3642 694 3720 archetypum
722 3641 817 3703 redire
848 3641 913 3716 ipso
945 3640 1075 3700 auctoris
1102 3638 1220 3699 nomine
