2788 4222
215 249 241 302 X
624 247 829 304 PRAEFATIO

283 415 395 485 Quodsi
421 417 483 474 iam
511 415 720 491 concessimus,
752 435 812 475 non
841 435 963 492 prorsus
992 417 1143 493 integrum
1166 435 1230 476 esso

217 505 347 564 codicem
380 504 421 579 0,
453 506 586 563 attamen
622 504 831 582 integerrimus
868 508 898 564 ct
934 505 1153 564 vetustissimus
1185 509 1231 565 est

217 592 351 652 codicum
374 592 579 668 Lydianorum
600 594 903 670 manuscriptorum,
928 596 1076 670 quotquot
1099 597 1230 653 aetatem

216 683 359 740 tulerunt.
405 682 534 757 scriptus
557 684 603 740 est
625 682 699 740 satis
727 681 901 760 diligenter,
931 703 1026 758 neque
1054 685 1155 741 tamen
1177 683 1231 758 ita,

216 773 253 829 ut
281 773 382 829 careat
411 770 541 829 itacismi
570 789 659 846 quem
688 775 796 830 vocant
826 771 907 830 vitiis
939 775 969 830 ct
998 771 1140 847 exemplis
1163 789 1230 831 oon-

216 859 353 917 fusarum
381 858 460 917 inter
489 877 519 917 se
549 859 718 917 litterarum
745 861 764 938 β
788 863 818 919 et
839 883 872 935 o,
903 864 970 919 set
992 883 1035 936 αι,
1065 864 1135 919 oet
1159 882 1182 919 ω
1201 863 1232 919 et

216 950 455 1024 permutatorum
475 966 607 1022 casuum,
631 948 762 1025 genetivi
780 968 847 1007 cum
865 949 1045 1024 accusativo,
1068 948 1233 1008 accusativi

218 1055 287 1095 oum
304 1031 511 1097 nominativo.l
547 1054 649 1112 quare,
671 1037 725 1095 ubi
742 1037 817 1096 talia
835 1038 920 1098 nobis
938 1041 1098 1098 occurrunt
1115 1038 1231 1113 menda,

218 1125 305 1183 facile
329 1125 462 1184 sananda
485 1125 543 1184 erit
569 1125 677 1185 codicis
704 1125 807 1200 leoti03
835 1126 867 1184 in
895 1126 999 1185 ceteris
1027 1130 1144 1200 autem,
1173 1126 1232 1185 nisi

218 1233 278 1290 quo
302 1214 363 1274 alio
386 1214 485 1274 codice
512 1213 702 1274 Oaseolinum
730 1233 842 1274 errasse
865 1219 967 1291 aperte
1001 1215 1230 1290 demonstratur,

219 1303 396 1362 coniecturis
419 1302 641 1362 abstinebimus.

107 1407 157 1447 eos.
171 1407 192 1448 a
284 1393 391 1468 Neque
413 1412 483 1453 vero
511 1391 631 1450 difficile
662 1395 707 1451 est
737 1392 906 1468 intellectu,
939 1393 1088 1468 quomodo
1118 1391 1232 1451 factum

218 1479 271 1554 sit,
303 1483 339 1538 ut
362 1501 376 1537 e
400 1482 484 1542 nullo
514 1481 612 1540 codice
639 1480 757 1558 integro
779 1483 868 1558 plura
892 1481 1049 1557 supersint.
1095 1484 1131 1539 ut
1153 1480 1232 1538 enim

218 1569 293 1627 liber
316 1569 351 1626 de
374 1569 525 1629 mensibus
543 1570 697 1646 Lydianus
719 1571 891 1630 continebat
908 1570 1083 1629 immensam
1101 1569 1231 1645 quidem,

219 1658 270 1716 sed
291 1658 372 1715 haud
393 1658 468 1716 beno
489 1658 622 1717 iunctam
645 1659 849 1718 collectionem
866 1679 965 1717 rorum
983 1659 1143 1733 vanarum,
1167 1659 1231 1734 qui-

217 1746 272 1805 bus
297 1746 427 1805 omnium
450 1748 594 1806 lectorum
624 1746 717 1804 animi
746 1766 841 1823 aequo
871 1748 959 1807 modo
988 1747 1084 1806 teneri
1109 1747 1232 1805 minime

218 1837 367 1911 poterant,
378 1835 440 1892 iam
453 1837 586 1910 tempore
601 1835 674 1893 satis
688 1840 802 1894 remoto
817 1835 933 1911 excerpi
946 1840 1067 1912 coeptus
1082 1839 1128 1894 est
1141 1839 1232 1912 atque

217 1924 347 2000 primum
370 1923 489 1999 quidem
512 1922 699 1998 curatione,
728 1927 762 1982 ut
792 1924 910 2001 singula
933 1925 1033 2000 capita
1056 1925 1093 1985 ob
1116 1925 1232 1983 variam

219 2015 249 2071 et
278 2011 474 2088 multiplicem
511 2012 675 2071 doctrinam
711 2014 944 2072 transferrentur
979 2014 1011 2072 in
1043 2013 1231 2073 collectiones

219 2120 293 2178 quas
311 2119 450 2161 vocamus
470 2100 738 2176 encyclopaedioas,
760 2103 864 2178 quales
886 2102 955 2161 inde
979 2122 998 2161 a
1016 2103 1133 2162 saeculo
1152 2121 1230 2161 nono

217 2191 318 2267 plures
341 2189 481 2266 Byzantii
503 2192 572 2248 sunt
595 2190 758 2263 oonfeotae3
781 2191 1005 2250 reminiscamur
1022 2195 1141 2250 tantum
1160 2192 1232 2266 eine,

218 2299 295 2356 quae
319 2279 365 2338 sui
390 2279 533 2354 temporis
564 2282 628 2338 erat
658 2279 835 2355 clarissima,
866 2280 1012 2356 epitomae
1042 2279 1233 2339 Constantini

217 2369 527 2445 Porphyrogennetae.
564 2371 768 2444 excerptorum
787 2372 886 2428 autem
907 2369 969 2428 eius
988 2369 1104 2446 generis
1121 2369 1231 2454 Lydia-

218 2477 323 2517 norum
345 2457 635 2533 praestantissimum
658 2458 808 2533 exemplar
835 2462 880 2517 est
907 2458 1016 2518 codex
1041 2457 1230 2516 Parisinus

219 2545 464 2621 supplementi
495 2546 616 2622 graeci
645 2546 706 2606 607
718 2546 755 2621 A,
786 2546 819 2604 in
847 2547 976 2606 editione
999 2547 1026 2604 R
1052 2546 1231 2622 appellatus,

219 2653 307 2708 quem
319 2633 469 2710 integrum
488 2634 581 2693 edidit
594 2635 670 2692 Max.
687 2635 764 2693 Trou
777 2636 809 2693 in
822 2637 1043 2711 programmate
1058 2634 1233 2694 Ohlaviensi

219 2722 291 2780 anni
306 2724 391 2783 1880
411 2715 574 2804 (Excerpta
593 2725 733 2799 anonymi
751 2723 911 2799 Byzantini
930 2743 945 2782 e
965 2723 1026 2784 cod
1046 2724 1114 2782 Par.
1133 2724 1232 2799 suppl.

219 2831 262 2888 gr.
283 2813 345 2871 607
356 2803 400 2892 A)
424 2815 454 2870 et
477 2811 634 2887 descripsit
655 2812 742 2871 huius
765 2813 996 2889 programmatis
1014 2832 1042 2887 p.
1062 2813 1117 2872 57:
1140 2832 1231 2870 mom-

217 2900 381 2958 branaceus
405 2903 450 2959 est
472 2901 582 2959 saeculi
605 2901 724 2976 decimi,
753 2921 768 2959 e
792 2900 916 2960 Graecia
944 2921 962 2959 a
984 2901 1115 2960 Minoide
1137 2902 1230 2976 Myna

219 2990 344 3061 allatus3
382 2989 514 3048 continet
551 2993 703 3065 excerpta,
739 2989 881 3050 historica
916 2992 1059 3066 pleraque
1096 2992 1126 3048 et
1162 3009 1231 3067 geo-

219 3077 370 3155 graphica,
392 3077 494 3154 qualia
515 3081 581 3136 tum
599 3079 833 3154 Byzantinorum
851 3079 950 3138 studia
967 3078 1135 3138 movebant.
1172 3098 1231 3154 quo

218 3167 250 3224 in
278 3166 377 3227 oodioc
405 3167 547 3242 quoniam
573 3170 728 3227 auctorum
755 3167 889 3242 nomina,
917 3187 933 3226 e
960 3167 1067 3244 quibus
1096 3167 1231 3244 singulae

218 3258 319 3331 partes
347 3255 408 3314 sint
434 3256 561 3331 petitae,
592 3276 652 3315 non
679 3257 855 3332 affenmtur,
886 3256 1016 3332 primum
1046 3256 1231 3331 inquiramus

219 3363 337 3404 necesso
360 3347 414 3420 cst,
438 3345 615 3421 quibusnam
638 3345 808 3404 auctoribus
831 3345 994 3404 debeantur
1015 3363 1062 3404 res
1088 3345 1131 3403 ibi
1154 3363 1231 3407 com·

218 3437 410 3508 memoratae,
433 3453 546 3510 quaeve
570 3434 733 3510 exscriptae
757 3435 817 3493 sint
840 3454 874 3492 ex
898 3454 941 3509 eo,
964 3453 1052 3510 quem
1074 3433 1160 3492 unice
1183 3452 1231 3492 cu-

294 3620 303 3650 ¹
320 3639 346 3673 v.
365 3619 447 3674 Hasii
466 3621 696 3676 commentarium
713 3640 740 3690 p.
760 3620 859 3674 LXXII
877 3638 918 3688 sq.
