2760 4234
245 271 308 335 154
487 268 594 324 LIBER
613 265 789 334 QUARTUS.
816 267 1006 322 AUGUSTUS

208 443 319 517 Syove
342 434 382 497 τά
404 429 480 518 περὶ
507 432 568 514 τήν
593 434 707 518 Θήραν
733 430 789 498 καὶ
814 435 999 517 Θηρασίαν,
1026 429 1081 496 καὶ
1109 431 1167 496 ἐὰν
1189 428 1252 516 μὲν

242 531 263 626 ᾗ
285 540 326 603 τά
348 537 626 623 άναστομωδέντα
645 550 790 623 συνεχῶς
808 537 1031 624 ἀναφυσῶντα
1048 547 1127 625 πῦρ,
1149 542 1254 622 πηγαί

241 669 277 710 τε
299 645 405 731 πυρὸς
427 643 483 709 καὶ
504 652 663 731 κρατῆρες
686 645 916 729 ὀνομάζονται,
944 636 998 712 οἷά
1021 645 1089 710 ἐστι
1112 647 1152 710 τά
1174 643 1250 730 περὶ

242 752 303 835 τήν
325 751 430 835 αὐτήν
453 753 609 838 Λιπάραν
630 775 666 816 τε
692 750 747 817 καὶ
770 754 991 838 Στρογγύλην
1016 750 1071 817 καὶ
1095 750 1252 835 Βέσβιον·

217 858 285 942 τήν
308 856 338 922 δ’
362 853 404 923 αὖ
427 859 578 944 μύση...
595 849 688 924 ,οἷον
710 860 747 924 τὸ
769 860 850 924 κατά
872 856 1116 944 Φιλαδέλφειαν
1136 859 1196 941 τήν
1214 857 1253 923 ἐν

244 965 353 1051 Λυδίᾳ
380 966 498 1030 πεδίον
524 963 579 1030 καὶ
607 966 686 1041 τοὺς
713 967 883 1052 πρόποδας
906 968 984 1043 τοὺς
1007 964 1060 1031 ἐπὶ
1083 966 1253 1044 Μαζάκοις

244 1109 285 1118 -
300 1069 404 1137 οίουεὶ
418 1072 642 1148 Καππάδοκας
652 1110 705 1156 —,
723 1070 778 1138 καὶ
796 1074 833 1138 τὸ
853 1071 907 1137 ἐπὶ
920 1075 1120 1160 Δικαιαρχίᾳ
1134 1071 1253 1157 Ἡφαί-

244 1196 324 1244 στου
346 1180 463 1244 πεδίον
485 1174 564 1244 ποτὲ
585 1176 868 1265 προσαγορευθέν.

189 1295 239 1350 XS
310 1286 381 1349 116.
401 1283 472 1350 Ὅτι
490 1297 557 1351 τῶν
574 1297 728 1369 κομητῶν
746 1286 817 1369 είδη
831 1286 913 1352 κατδι
931 1282 992 1370 μὲν
1010 1287 1070 1351 τὸν
1082 1284 1169 1372 Ἀρι·
1183 1296 1306 1352 Rr1V73

203 1419 230 1458 ιο
244 1391 400 1477 στοτέληυ
433 1390 545 1456 ἐννέα·
584 1393 666 1457 κατά
702 1387 739 1456 δὲ
774 1393 834 1458 τὸν
865 1390 1024 1477 Ῥωμαῖον
1054 1391 1254 1476 Ἀπουλήιον

245 1497 335 1565 δίκα·
360 1501 473 1576 ίππίας
496 1496 607 1583 ξιφίας
625 1503 800 1582 πωγωνίας
818 1500 931 1575 δοκίας
949 1502 1051 1575 πίθος
1069 1500 1254 1583 λαμπαδίας

203 1609 385 1690 Χκομήτης
407 1606 540 1681 δισκεὺς
567 1606 684 1689 τυφὼν
709 1606 881 1690 κεράστης·
907 1603 961 1670 καὶ
989 1604 1008 1670 6
1033 1601 1095 1690 μὲν
1119 1606 1255 1681 ἱππίας

245 1711 279 1776 ἐκ
310 1721 371 1777 τοῦ
403 1713 531 1797 δρόμου
561 1710 617 1776 καὶ
648 1721 706 1795 τής
737 1710 893 1795 ὀξύτητος
925 1711 1030 1788 οὕτως
1062 1711 1255 1795 ὠνομάσθη,

243 1821 384 1900 πλαγίας
406 1813 445 1882 δὲ
466 1816 521 1882 καὶ
545 1816 694 1904 άμυδρδις
717 1817 851 1894 άκτλνας
874 1820 1071 1904 διαρραίνει·
1097 1817 1115 1883 6
1139 1814 1176 1883 δὲ
1199 1817 1256 1896 ξι-

204 1950 230 1991 15
245 1927 336 2009 φίας
360 1925 457 2007 δίκην
480 1922 597 2008 ξίφους
615 1923 635 2007 ή
654 1926 774 2008 λόγχης
791 1933 918 2010 μακρᾶς
936 1923 1159 2009 ἐκτεινόμενος
1177 1928 1258 2008 φαί-

244 2053 346 2113 νεται,
370 2030 476 2116 ὠχρὸς
498 2025 535 2094 δὲ
557 2028 612 2094 καὶ
631 2031 854 2114 νεφελοειδής·
879 2030 897 2095 6
917 2026 954 2095 δὲ
971 2035 1176 2113 πωγωνίας
1194 2032 1258 2114 τήν

245 2138 368 2221 λοφιὰν
391 2135 432 2201 οὐ
455 2138 536 2201 κατὰ
556 2142 711 2221 κεφαλῆς,
734 2134 805 2203 ἀλλ’
827 2136 981 2202 ὑποκάτω
1001 2137 1186 2223 διαρραίνει
1206 2139 1259 2202 δί-

245 2268 307 2328 κην
329 2244 501 2326 πώγωνος·
528 2243 546 2309 6
571 2239 607 2308 δὲ
631 2244 651 2308 δ
657 2247 765 2319 οκίας
788 2243 901 2328 ὅμοιος
924 2242 1022 2325 ἐγγύς
1050 2242 1118 2308 ἐστι
1141 2252 1187 2331 τῷ
1211 2242 1261 2322 ξι-

246 2354 318 2438 φίηι,
346 2348 416 2415 ἀλλ’
440 2350 502 2414 οὐκ
525 2349 630 2429 ὀξείας
653 2352 734 2434 ἔχει,
762 2347 919 2433 ἀμβλείας
947 2345 984 2413 δὲ
1010 2351 1069 2427 τάς
1095 2349 1209 2436 ἀρχάς·
1238 2351 1260 2416 6

175 2443 180 2450 ¹
206 2453 284 2524 εοδδ
306 2461 425 2534 πίθος
453 2456 488 2521 ἐκ
510 2465 570 2521 τοῦ
599 2458 773 2540 σχήματος·
802 2454 821 2520 6
843 2451 882 2520 δὲ
904 2457 1125 2539 λαμπαδίας
1146 2459 1263 2542 πυρώ-

247 2565 307 2647 δης
328 2562 383 2628 καὶ
407 2566 504 2647 δίκην
526 2563 719 2647 πυρώπιδος
742 2565 843 2627 λίθου
870 2560 891 2644 δή
915 2560 1058 2647 δένδρου
1080 2562 1263 2647 καιομένου

246 2669 373 2754 πέφυκε
404 2670 614 2753 διαλάμπειν·
647 2669 666 2734 6
699 2664 736 2733 δὲ
767 2670 936 2752 κομήτης
964 2669 1089 2745 πλατύς
1119 2669 1187 2735 ε’στι
1220 2671 1263 2736 τὸ

247 2771 335 2852 εἶδος
357 2773 413 2840 καὶ
435 2777 544 2859 ὥσπερ
569 2776 682 2861 ἱλαρὸς
704 2774 931 2860 ἀργυροειδεῖς
954 2797 1047 2851 τινας
1068 2778 1265 2861 πλοκάμους

248 2882 365 2948 ἕλκων·
389 2883 406 2948 6
431 2879 468 2946 δὲ
492 2883 512 2946 δ
518 2883 650 2957 ισκεὺς
673 2879 706 2958 ἕξ
725 2880 826 2964 αὐτῆς
844 2889 901 2964 τής
919 2885 1143 2969 προσαγορίας
1162 2885 1267 2966 δίκην

207 3016 234 3056 25
248 2991 366 3055 δίσκου
389 2992 541 3073 φαίνεται
565 2988 605 3053 οὐ
629 2987 776 3073 λαμπρὸς
797 2983 877 3052 οὐδὲ
896 2985 1040 3073 ἐρυθρὸς
1059 2988 1129 3055 ἀλλ’
1149 2991 1265 3076 ὥσπερ

319 3152 334 3212 5
349 3151 400 3198 116
414 3143 600 3198 Wachsmubh
615 3144 649 3198 de
664 3147 715 3198 ost.
729 3162 757 3213 p.
774 3150 824 3198 166
833 3161 872 3213 sq.
946 3151 997 3199 v.9
1012 3145 1127 3201 Aristot.
1142 3145 1267 3201 Meteor.

247 3218 268 3287 Ι,
284 3223 309 3286 6,
325 3222 339 3271 7
358 3234 385 3285 p.
401 3212 468 3270 342¹>
483 3219 516 3268 κδ
527 3232 586 3283 sqq.
606 3214 716 3269 Bekker

319 3376 343 3412 v.
363 3363 379 3411 ὁ
398 3358 529 3410 lacunam
551 3355 675 3410 indicavi
752 3363 766 3410 7
790 3359 904 3426 δικαιαρ
923 3355 971 3413 ίαν
993 3357 1026 3426 S,
1054 3358 1130 3426 quod
1153 3359 1269 3412 correxi

250 3434 266 3483 9
286 3427 327 3483 δτι
340 3438 396 3484 τῶν
411 3460 445 3469 -
460 3433 492 3480 12
510 3426 642 3497 κεράστης
656 3428 683 3496 S,
702 3438 830 3498 κομητῶν
848 3427 880 3483 δὲ
898 3379 959 3498 δίδη
977 3431 1030 3483 eto.
1045 3429 1077 3482 X
1091 3429 1095 3500 Ι
1111 3427 1161 3497 μὲν
1180 3428 1267 3484 omis,

249 3501 299 3569 ΧΙ
316 3497 473 3569 άριστοτίλη
493 3499 524 3553 Χ
595 3504 628 3552 10
647 3495 829 3569 δωμαϊκδνδ
900 3506 932 3554 12
950 3499 1047 3568 τύφων
1065 3501 1103 3568 Χ,
1124 3500 1222 3568 τυφὼν
1244 3502 1271 3556 S

249 3570 436 3624 Wachsmuth
525 3576 559 3624 19
577 3569 665 3641 ἀρχάς
683 3571 725 3640 Χ,
749 3570 842 3640 σειρὰς
862 3568 896 3625 ci.
914 3571 1050 3639 Hercher‚
1074 3569 1189 3634 ἀκτῖνας
1209 3571 1269 3642 Er,

249 3641 338 3708 ἄκρας
351 3641 492 3696 Wachsm.
565 3647 598 3695 22
617 3644 721 3705 πλατὺς
734 3643 773 3712 Χ,
790 3643 881 3710 πραίις
899 3641 934 3696 οἱ.
948 3641 1090 3697 Wachsm.

295 3962 310 4010 1
