2790 4214
231 295 272 360 36
595 292 703 347 LIBER
721 292 875 348 Τεονεοε

159 467 216 522 XY
230 460 410 542 ταττόμενα
432 457 547 541 φωνὰς
568 455 756 541 ἐνάρθρους
778 456 963 522 ἀποτελεῖν·
989 468 1056 522 τῶν
1078 459 1141 543 γάρ
1164 457 1239 542 ἡμι-

231 565 355 649 φώνων
390 563 575 648 ἀναπληροῖ
609 564 646 628 τὸ
679 561 808 646 ἐνδέον,
841 561 1042 647 ὁλοκλήρους
1074 559 1111 628 δὲ
1142 587 1239 628 κατα-

232 672 377 750 σκευάζει
404 671 483 746 τοὺς
512 672 701 754 φθόγγους,
735 680 802 734 τῶν
829 665 867 734 δὲ
894 669 1039 754 ἀφώνων
1065 669 1176 755 τρέπει
1203 694 1239 735 τε

231 776 286 843 καὶ
318 778 512 862 μεταβάλλει
541 777 599 852 τὰς
631 776 763 861 φύσεις,
794 776 851 841 ἵνα
877 775 1011 860 γένηται
1042 777 1082 842 τὰ
1114 777 1240 861 ἀρρητα

170 890 218 946 XS
234 884 325 969 ρητά.
369 881 424 948 καλ
447 885 482 948 τί
501 892 789 968 μακρηγοροῦμεν,
817 881 897 948 ὅταν
925 878 1005 948 οὐδὲ
1026 882 1047 967 η
1069 866 1138 948 τῶν
1159 882 1239 948 ὑδά-

207 1015 219 1054 ο
234 1015 301 1056 των
313 991 415 1075 φύσις
429 988 488 1068 ἔξω
502 997 560 1073 της
578 989 749 1073 δυνάμεως
762 997 820 1071 τῆς
838 986 978 1065 ἑπτάδος
995 987 1239 1068 ἀπολόλειπται;

234 1097 251 1163 ὁ
266 1106 351 1181 γοῦν
363 1097 545 1172 Διονύσιος
563 1094 600 1160 ἐν
617 1106 688 1171 ταῖς
700 1098 841 1160 Κτίσεσί
855 1112 948 1179 φησι,
965 1095 1026 1160 τὸν
1039 1093 1240 1160 Χαλκιδικὸν

234 1204 386 1288 Ιάύριπον
416 1199 547 1278 ἑπτάκις
574 1199 659 1266 καθ’.
677 1198 804 1286 ἡμέραν
826 1203 1052 1286 στρεφόμενον
1080 1202 1163 1266 κατὰ
1182 1202 1240 1284 μό-

195 1317 295 1386 Χνας
324 1311 383 1386 τάς
411 1307 595 1392 ἑβδομάδας
624 1307 790 1372 ἵστασθαι.
832 1305 888 1372 καὶ
918 1305 950 1385 ἐξ
983 1307 1086 1372 αὐτοῦ
1116 1302 1153 1371 δὲ
1178 1315 1239 1372 τοῦ

195 1441 221 1479 ιο
235 1414 357 1499 νοητοῦ
389 1416 509 1490 αἰῶνος
540 1417 609 1478 ἔστι
637 1414 787 1479 συνιδεῖν
812 1415 890 1491 τοὺς
916 1412 1110 1499 ἀρτέμονας·
1141 1413 1241 1478 συνά-

235 1546 351 1606 γονται
373 1518 434 1606 μὲν
461 1522 524 1605 γάρ
551 1530 684 1606 πρῶτον
706 1518 739 1597 ἐξ
768 1521 879 1605 ὡρῶν,
911 1514 1143 1605 εἶταήμερῶν,
1171 1515 1240 1585 εἶτα

236 1629 439 1713 ἑβδομάδων,
462 1629 573 1692 ἔπειτα
590 1638 714 1710 μηνῶν,
737 1621 806 1691 εἶτα
824 1625 996 1710 ἐνιαυτῶν,
1019 1626 1149 1692 ἐκεῖθεν
1170 1650 1240 1691 και-

135 1748 137 1756 ’
236 1746 316 1822 ρῶν,
338 1732 393 1799 καὶ
415 1734 454 1799 τδ
479 1733 598 1799 λοιπὸν
616 1733 757 1816 αἰώνων,
779 1733 863 1818 πρὸς
884 1734 921 1798 τὸ
944 1731 1130 1817 ἀρχέτυπον
1153 1727 1240 1810 εἶδος

236 1850 296 1906 τοῦ
319 1849 441 1923 νοητοῦ
463 1838 518 1904 καὶ
540 1848 763 1924 πατρογενοῦς
786 1840 914 1916 αἰῶνος.

197 2289 223 2330 15
521 2250 682 2323 LIBER
714 2249 953 2323 TERTIUS.

195 2399 221 2450 x
632 2388 716 2460 Περὶ
734 2385 847 2457 μυός·

205 2529 222 2582 S
306 2516 333 2577 l.
350 2513 421 2578 Ὅτι
439 2511 633 2599 Ἀνάχαρσις
656 2513 673 2579 ὁ
697 2514 836 2596 Σκύθης
859 2515 922 2597 ἔφη
946 2515 1154 2597 φιλονεικίαν
1173 2522 1295 2578 δεεεῖῖῖο
1360 2561 1382 2572 π

239 2618 395 2702 γενέσθαι
409 2616 488 2685 ποτὲ
497 2621 693 2702 Αἰγυπτίοις
706 2617 761 2684 καὶ
774 2619 927 2694 Σκύθαις
939 2617 1016 2704 περὶ
1030 2618 1243 2704 ἀρχαιότητος

241 2723 412 2809 ἑκατέρων,
436 2731 515 2801 ἴσως
533 2724 565 2804 ἐξ
585 2722 747 2810 ἑκατέρων
764 2736 832 2790 τῶν
854 2726 984 2809 ἀρκτων
1005 2723 1159 2810 προέχειν
1175 2735 1243 2789 τῶν

200 2856 226 2896 εο
239 2831 439 2916 πραγμάτων
461 2829 654 2914 ἀξιούντων,
676 2837 834 2915 κριθῆναι
853 2827 890 2895 δὲ
912 2833 990 2908 τοὺς
1004 2833 1144 2907 Σκύθας
1158 2826 1243 2896 εἶναι

239 2934 482 3023 πρεσβυτέρους
515 2937 571 3001 διὰ
602 2937 639 3001 τὸ
670 2934 725 3000 καὶ
756 2937 821 3002 ὑπὸ
853 2938 914 3020 τὴν
945 2939 1091 3022 μεγάλην
1122 2939 1243 3022 ἀρκτον

310 3113 334 3148 v.
355 3099 370 3147 ῖ
388 3091 468 3148 Dion.
488 3091 611 3148 chalcid.
628 3092 681 3163 frg.
701 3098 726 3162 8,
745 3093 827 3148 FHG
844 3094 883 3148 IV
897 3099 948 3148 395

311 3256 335 3290 v.
350 3241 368 3289 4
386 3236 482 3305 φύσεις
495 3236 587 3290 αὐτῶν
610 3236 639 3289 Y
718 3232 829 3306 ῖβητά.
866 3235 975 3305 reliqua
994 3235 1188 3290 desiderantur
1210 3236 1243 3304 Y,

241 3307 291 3361 ubi
310 3310 462 3376 sequuntur
480 3303 523 3360 ότι
541 3305 726 3377 φεβρουάριος
739 3339 774 3348 -—
787 3306 956 3377 φειδομένως
973 3305 1072 3376 μοίρας
1087 3323 1102 3361 ε
1120 3307 1192 3360 libro
1206 3307 1245 3360 III

241 3387 255 3440 ,ε’
276 3384 309 3432 10
333 3379 480 3447 desumpta
504 3380 538 3446 (v,
558 3377 595 3430 οδ
616 3396 642 3447 p.
658 3383 705 3447 48,
720 3382 746 3450 6)
776 3380 779 3448 Ι
809 3377 875 3432 οὐδὲ
899 3378 916 3447 ἡ
941 3387 996 3432 τῶν
1019 3379 1130 3432 ύδατων
1152 3378 1247 3434 ine.S

243 3455 258 3502 6
277 3446 470 3504 ἀπολέλειπται
489 3449 531 3517 Χ,
554 3449 726 3504 ἀποτελεῖται
745 3449 767 3504 S
837 3456 851 3503 7
871 3449 901 3504 ἐν
919 3458 980 3511 ταῖς
998 3446 1100 3503 κτίσεσι
1119 3449 1204 3504 omis.-
1216 3449 1244 3517 S,

242 3519 350 3587 κτήσεσι
363 3521 390 3574 Α
407 3527 410 3586 Ι
426 3520 594 3590 χαλκηδικδν
609 3519 762 3589 ἔριππον8
832 3527 847 3573 9
862 3519 1001 3575 ἵστασθαι.
1022 3519 1131 3589 reliqua
1145 3521 1246 3574 desunt

243 3589 264 3646 S
334 3597 382 3714 11}3
385 3590 537 3660 ἀρτίμονας
553 3591 581 3645 A
653 3598 685 3646 16
705 3591 808 3647 ἐκτῶν
825 3593 889 3660 περὶ
907 3589 994 3662 μηνός
1010 3591 1038 3645 A
1060 3591 1090 3645 ἐκ
1109 3601 1164 3646 τῶν
1181 3592 1245 3659 περὶ

243 3670 336 3732 μηνῶν
