2788 4222
551 261 756 319 PRAEFATIO
908 293 909 296 =
1124 263 1164 318 XI

148 448 262 504 rannus,
291 430 492 490 Laurentiano
519 431 596 491 libro
626 431 662 489 de
687 429 845 490 mensibus.
891 431 930 489 ad
958 432 1035 492 hanc
1063 435 1163 492 entem

150 518 387 594 disquisitionem
425 519 641 578 instituendam
681 538 731 578 sex
768 521 887 596 quidem
923 521 1016 580 totius
1053 521 1162 581 codicis

149 608 249 684 capita
273 608 483 685 distinguenda
505 608 578 666 mihi
601 608 740 667 videntur
763 627 839 668 esse:

216 735 243 790 1.
255 731 332 790 Trou
341 752 369 807 p.
382 733 561 807 3‚1—9,13.
584 730 651 811 περί
659 725 848 811 Ἀδιαβηνῆς,
856 731 1068 812 Αὐγουστείου,
1076 730 1161 814 ἀτρα-

584 822 726 900 βατικῶν,
762 819 951 901 ἀγαλμάτων,
985 821 1162 900 Αὐγούστου

582 908 685 988 μηνός,
708 908 884 990 Αὐγούστου
907 909 1050 990 εὐτυχίας,
1077 907 1163 990 ἀγάλ-

581 1021 671 1078 ματος
702 995 735 1057 ἒν
770 996 874 1082 πέτρᾳ,
911 997 1058 1079 ἀνδρείας,
1090 996 1160 1059 dito

582 1085 648 1162 περί
671 1089 776 1146 Γετῶν.

217 1177 245 1233 2.
268 1195 296 1251 p.
318 1178 559 1251 9‚14—21,24.
582 1173 648 1256 περὶ
672 1179 791 1254 στηλῶν.

216 1283 244 1340 3.
258 1303 287 1358 p.
304 1283 559 1357 21,25—25,24.
583 1279 656 1361 ἀρχὴ
682 1290 735 1342 τοῦ
758 1283 777 1360 β
805 1283 953 1362 στοιχείου.
998 1281 1065 1363 περὶ
1091 1285 1163 1364 Βρε-

581 1370 713 1446 ταννίας,
734 1371 871 1449 Βεσβίου,
893 1371 1034 1451 Βρεττίας.

215 1460 244 1516 4.
259 1479 287 1534 p.
305 1459 561 1534 25‚25-38,21.
585 1457 651 1538 περί
679 1459 894 1532 οἰωνοσκοπίας
920 1468 978 1520 τῶν
1007 1458 1162 1540 Οὐάρνων.

583 1551 722 1606 secuntur
751 1549 812 1607 alia
840 1549 876 1607 de
904 1549 1037 1626 auguriis
1068 1550 1162 1625 deque

583 1636 767 1697 divinatione
791 1657 826 1696 ex
847 1638 971 1696 ostentis
989 1638 1161 1697 haurienda.

160 1803 162 1808 ,
217 1725 244 1783 5.
259 1745 287 1802 p.
304 1726 559 1800 38,22-47,33.
582 1723 648 1804 περί
674 1727 877 1804 βρουμαλίων,
909 1724 1056 1805 βισέξτου,
1085 1723 1162 1807 γενέ-

582 1831 655 1886 σεως
691 1811 873 1895 ἀνθρώπου,
909 1814 1072 1893 ποσότητος
1103 1823 1162 1875 τῶν

582 1900 774 1982 τικτομένων,
796 1898 911 1983 Ἴστρου
937 1913 990 1964 τοῦ
1017 1913 1162 1983 ποταμοῦ,

583 1989 736 2071 πιπέρεως,
759 1988 844 2070 ἡλίου
869 1990 919 2052 καί
944 1991 1079 2072 σελήνης,
1107 2009 1163 2053 σει-

582 2081 1164 2162 σμῶν,σκηπτο”ον,πυρόεντοςκεραυνοῦ.

217 2170 245 2227 6.
268 2190 296 2245 p.
317 2171 388 2242 48‚1
410 2169 449 2226 ad
470 2168 558 2227 finem
582 2165 624 2245 (p.
644 2165 762 2247 56‚19).
800 2171 912 2230 schoiia
934 2172 1018 2230 veria
1040 2171 1072 2228 in
1093 2171 1163 2230 Dio-

583 2259 702 2333 nysium
741 2259 925 2336 periegetam
961 2263 991 2318 et
1026 2259 1163 2334 Aratum,

585 2347 730 2423 imprimis
755 2348 953 2424 geographica
973 2351 1003 2406 et
1020 2345 1085 2428 περί
1103 2356 1162 2407 τῶν

584 2433 741 2515 οὐρανίων.

217 2540 282 2599 Iam
304 2561 374 2600 vero
399 2562 434 2600 ex
455 2542 511 2601 hac
535 2542 667 2617 capitum
685 2541 894 2601 distributione
913 2546 1049 2618 apparet,
1071 2543 1164 2617 qnod·

151 2647 223 2686 nam
237 2631 392 2689 consilium
409 2631 530 2708 ignotus
548 2631 600 2689 ille
620 2634 722 2690 auctor
741 2634 858 2689 secutus
878 2631 925 2705 sit,
949 2650 1015 2690 cum
1034 2631 1164 2690 codicem

151 2721 285 2777 nostrum
308 2721 356 2779 vel
379 2720 441 2778 eius
461 2720 654 2795 archetypum
673 2719 882 2778 conscriberet:
904 2721 960 2780 hoc
979 2721 1057 2779 enim
1074 2721 1164 2779 habe·

153 2806 206 2864 bat
227 2809 260 2866 in
283 2809 392 2882 animo,
414 2811 449 2866 ut
471 2808 649 2886 glossarium
668 2808 823 2869 conficeret
840 2809 996 2869 universae
1015 2810 1166 2884 scientiae,

153 2896 313 2954 secundum
332 2897 464 2974 singulas
483 2898 600 2956 litteras
619 2898 775 2974 digestum,
798 2898 829 2956 id
847 2899 926 2974 quod
945 2898 1165 2958 demonstretur

151 2985 241 3060 primi
265 2986 372 3062 capitis
394 2986 506 3059 titulis,
533 2987 585 3062 qui
603 2987 642 3045 ad
664 3007 756 3044 unum
783 3006 884 3046 omnes
908 3006 926 3045 a
952 2987 1055 3046 littera
1076 2991 1097 3046 ἇ
1119 2988 1164 3045 in-

151 3073 279 3149 cipiunt,
303 3076 333 3132 et
355 3075 444 3134 tertio
468 3075 580 3150 capite,
602 3075 685 3134 cuius
708 3075 793 3135 initio
818 3075 1001 3152 adscriptum
1024 3079 1069 3134 est
1091 3072 1164 3154 ἀρχὴ

151 3202 203 3241 του
226 3182 246 3259 β
270 3182 424 3259 στοιχείου,
452 3181 582 3257 itemque
609 3201 729 3241 monere
756 3182 859 3257 liceat,
886 3203 915 3258 p.
938 3183 1042 3254 46,25
1066 3181 1164 3257 prima

151 3272 298 3329 tractatus
321 3268 386 3348 περί
409 3269 569 3352 πυρόεντος
595 3278 741 3349 κεραυνοῦ
764 3270 855 3330 verba
878 3289 941 3330 esse
968 3267 1164 3346 προέφθημεν

153 3359 195 3431 εἰς
217 3357 249 3419 τὸ
272 3359 291 3416 d
320 3363 463 3438 στοιχεῖον
492 3358 622 3430 εἰπόντες
651 3357 718 3438 περί
747 3366 892 3435 σκηπτῶν.
938 3377 1034 3434 neque
1063 3361 1164 3417 temen

152 3449 310 3507 materiam
333 3448 503 3507 institutam
530 3449 569 3507 ad
594 3447 683 3506 finem
710 3448 849 3523 perduxit
876 3450 992 3516 auctor,
1020 3447 1071 3505 sed
1098 3467 1165 3507 cum

152 3537 289 3610 vidisset,
312 3557 372 3596 non
394 3538 471 3612 fore,
493 3541 528 3595 ut
551 3555 624 3612 opus
647 3537 727 3612 qnod
755 3539 893 3612 coeperat
919 3536 1099 3612 absolveret,
1130 3556 1165 3598 es

156 3645 232 3702 quae
256 3627 380 3684 collecta
402 3627 533 3685 habebat
558 3625 590 3682 in
617 3645 709 3683 unum
736 3624 910 3699 conscripsit
938 3625 1081 3702 codicem,
1108 3626 1165 3684 dis-
