2760 4234
220 296 283 358 110
472 293 580 346 LIBER
598 291 773 357 QUARTUS.
802 291 963 346 MARTIUS

183 456 342 540 Βάδήλου
365 463 449 522 θεοῦ
472 457 532 520 τὸν
554 455 591 520 έν
605 455 846 541 Ἰεροσολύμοις
868 456 951 520 ναὸν
973 449 1060 519 εἶναι
1083 454 1181 538 λέγει,
1205 455 1228 520 6

217 559 254 626 δὲ
275 565 469 646 Νουμήνιος
491 562 717 645 άκοινίινητον
740 562 842 626 αὐτὸν
864 560 919 626 καὶ
943 561 1067 648 πατέρα
1088 563 1224 627 πάντων

216 678 283 732 των
305 675 396 733 θεῶν
419 663 505 734 εἶναι
523 667 622 750 λέγει,
646 667 847 746 ἀπαξιοῦντα
864 678 1039 732 κοινωνεῖν
1058 668 1148 755 αὐτῷ
1164 675 1223 751 της

216 784 311 858 τιμῆς
338 795 425 842 τινα·
455 773 510 840 καλ
532 773 714 850 Ἰουλιανὸς
744 770 781 838 δὲ
811 773 829 838 δ
859 774 1028 856 βασιλεύς,
1058 775 1111 839 ὅτε
1140 776 1227 858 πρὸς

191 880 348 966 εΠέρσας
376 881 601 966 ἐστρατεύετο,
627 882 767 966 γράφων
788 878 964 956 Ἰουδαίοις
991 880 1078 946 οὕτω
1105 885 1223 965 φησίν·

217 985 386 1073 “άνεγείρω
417 989 480 1073 γάρ
510 988 590 1070 μετά
618 988 725 1070 πάσης
751 990 942 1072 προθυμίας
968 988 1027 1051 τὸν
1054 988 1136 1052 ναὸν
1162 977 1231 1052 τοῦ

215 1092 359 1170 ὑψίστου
380 1093 490 1159 θεοῢ’·
518 1091 562 1157 δι’
584 1093 627 1175 ἣν
655 1094 764 1158 αἰτίαν
789 1096 848 1157 καί
867 1115 954 1168 τινες
978 1104 1046 1157 τῶν
1068 1093 1224 1158 ἀπαιδεύ-

216 1221 293 1282 των,
316 1202 364 1264 ἔτι
383 1196 419 1264 δὲ
437 1198 492 1265 καὶ
511 1201 567 1264 διά
585 1200 646 1282 την
663 1199 843 1285 περιτομὴν
861 1201 997 1284 Κρόνον
1015 1198 1118 1264 αὐτὸν
1137 1194 1224 1264 εἶναι

216 1309 422 1390 νομίζουσιν·
453 1306 659 1390 ὑψηλότερος
690 1307 754 1390 γάρ
786 1321 868 1388 φασι
899 1315 966 1370 τῶν
997 1307 1173 1388 πλανήτων
1204 1305 1226 1371 6

177 1439 203 1478 ιο
216 1415 359 1498 Κρόνος·
384 1412 423 1477 οὐ
447 1423 652 1498 συνορῶντες
675 1413 725 1477 ὅτι
747 1411 768 1494 ἡ
788 1413 947 1496 περιτομὴ
966 1412 1135 1496 σύμβολόν
1154 1410 1223 1476 έστι

216 1527 276 1584 τοῦ
302 1525 479 1604 καθαρμοῦ
506 1527 564 1601 τῆς
590 1527 708 1603 νοερᾶς
735 1527 856 1601 ψυχῆς,
887 1519 930 1594 ὡς
957 1528 1027 1594 τοῖς
1052 1527 1228 1601 μυστικοῖς

215 1637 283 1689 τῶν
296 1623 459 1708 Ἑβραίων
482 1626 586 1708 δοκεῖ,
610 1625 661 1690 ὅτι
684 1620 721 1688 δὲ
744 1623 784 1690 οὐ
802 1627 933 1710 Κρονία
955 1625 1065 1706 τελετὴ
1089 1623 1109 1707 ἡ
1132 1645 1223 1708 περι-

216 1732 312 1814 τομή·
348 1729 403 1796 καὶ
430 1729 580 1816 Ἀράβων
612 1732 645 1796 οἱ
681 1733 852 1814 λεγόμενοι
884 1734 1046 1813 Σκηνίται
1078 1727 1131 1794 ἐπὶ
1162 1737 1222 1794 τοῦ

216 1837 485 1922 τρισκαιδεκάτου
507 1835 663 1900 ἐνιαυτοῦ
686 1838 764 1912 τοὺς
786 1833 913 1901 ἑαυτῶν
934 1837 1055 1911 παῖδας
1072 1834 1223 1920 περιτέμ-

177 1970 203 2010 ιτ
217 1957 335 2008 νουσιν
359 1944 403 2019 ὡς
421 1941 593 2027 Ὡριγένης
619 1941 722 2025 λέγει,
749 1945 857 2008 καίτοι
879 1940 1060 2028 Ἀστάρτην
1088 1940 1157 2006 ἀλλ’
1181 1939 1222 2006 οὐ

216 2052 353 2134 Κρόνον
379 2059 548 2134 τιμῶντες·
580 2046 635 2114 καὶ
664 2049 828 2125 Αἰθίοπες
857 2046 894 2114 δὲ
923 2051 981 2125 τάς
1009 2051 1130 2132 κόγχας
1156 2059 1225 2112 τῶν

217 2156 368 2238 γονάτων
389 2166 456 2222 τῶν
483 2153 569 2220 νέων
596 2156 721 2242 σιδηρῷ
748 2163 913 2242 καυστικςῦ
937 2159 1154 2240 σφραγίζουσι
1177 2160 1222 2240 τά

212 2259 404 2328 Ἀπόλλωνι.
454 2261 472 2326 δ
502 2259 614 2345 μέντοι
645 2262 841 2348 Πορφόριος
874 2261 910 2326 έν
939 2269 984 2349 τῷ
1014 2262 1224 2345 ὑπομνήματι

216 2377 283 2434 τῶν
306 2371 429 2450 λογίων
456 2369 515 2433 τὸν
543 2366 595 2443 δὶς
619 2367 768 2433 ἐπέκεινα
794 2368 942 2434 τουτέστι
965 2369 1024 2433 τὸν
1046 2379 1113 2433 τῶν
1135 2368 1225 2432 όλων

177 2503 203 2541 ιο
217 2476 422 2562 δημιουργὸν
444 2476 503 2539 τὸν
520 2477 609 2560 παρά
623 2473 795 2540 Ἰουδαίων
818 2476 1005 2558 τιμώμενον
1022 2469 1107 2538 εἶναι
1126 2473 1224 2556 ἀξιοῖ,

217 2581 257 2647 ὃν
280 2582 298 2647 6
317 2583 482 2657 Χαλδαῖος
501 2582 658 2666 δεύτερον
680 2581 744 2646 άπὸ
765 2590 825 2646 τοῦ
843 2580 927 2657 ἅπαξ
946 2579 1105 2663 ἐπέκεινα,
1128 2603 1223 2644 τουτ-

217 2686 285 2751 έστι
313 2697 373 2753 τοῦ
400 2686 542 2770 άγαδοῦ,
573 2693 735 2770 θεολογεῑ.
785 2688 818 2752 ολ
843 2685 956 2770 μέντοι
982 2685 1058 2772 περὶ
1081 2685 1224 2770 Ἰάμβλι-

216 2816 277 2876 χον
298 2790 354 2856 καὶ
373 2794 545 2878 Συριανὸν
567 2791 621 2857 καὶ
640 2795 797 2878 Πρόκλον
815 2793 1020 2878 δημιουργὸν
1039 2792 1141 2857 αὐτὸν
1162 2799 1222 2856 τοῦ

216 2900 379 2982 αἰσθητοῦ
413 2901 540 2983 κόσμου
570 2903 763 2984 νομίζουσιν
795 2893 880 2962 εἶναι
911 2903 1089 2974 καλοῦντες
1120 2898 1227 2962 αὐτὸν

177 3033 203 3074 ιι
216 3015 274 3090 τῆς
300 3010 530 3091 τετραστοίχου
556 3008 651 3070 θεόν
688 3005 705 3070 6
734 3001 771 3070 δὲ
795 3004 949 3088 Ῥωμαίος
979 3006 1120 3090 Βάρρων
1146 3001 1224 3090 περὶ

216 3182 310 3290 stola6
316 3162 394 3288 άΧῦί
405 3161 595 3304 Iulggpinipip
596 3159 1222 3306 Heeritspplpelofffievnppopfflppapaptfippss

214 3306 298 3360 huius
312 3305 367 3360 1οοί
381 3253 555 3359 simillimum
627 3303 748 3374 150rig
749 3320 813 3358 enos
827 3289 932 3358 Philoc.
947 3287 1063 3358 xxm
1135 3301 1219 3356 1⁸0.

215 3377 313 3445 Wolff,
335 3375 482 3458 Porphyrii
500 3375 534 3428 de
556 3322 748 3445 philosophia
757 3391 792 3428 ex
815 3375 934 3428 oraculis
958 3374 1114 3430 haun'enda
1135 3373 1222 3426 libro-

214 3466 276 3501 rum
302 3447 373 3516 reliq
374 3448 438 3501 uiae
463 3452 560 3517 p.142
668 3445 754 3500 210f.
780 3445 830 3500 (δυ
854 3446 932 3500 Kroll
956 3445 1000 3500 Or.
1025 3445 1121 3500 chald
1145 3463 1171 3513 p
1187 3449 1224 3496 16

216 3525 249 3572 25
267 3519 369 3573 Varro:
389 3519 423 3573 ef
437 3518 560 3572 Macrob.
580 3518 637 3571 Sat.
656 3519 677 3587 Ι
697 3523 739 3586 18
754 3523 786 3570 21

285 3679 308 3713 v.
325 3668 338 3712 1
360 3661 374 3714 6
393 3659 424 3714 δὲ
443 3658 593 3728 νουμηνίας
611 3657 650 3728 δὲ,
670 3659 790 3713 alterum
807 3657 839 3713 δὲ
858 3659 911 3714 del.
927 3660 949 3715 S
