2760 4234
413 311 522 364 LIBER
542 310 717 375 QUARTUS.
746 309 885 365 APRILIS
1091 311 1153 376 115

143 475 225 538 νατδι
257 475 317 538 τὸν
347 486 480 560 πρῶτον
511 476 680 559 περιττόν,
717 479 782 538 είτε
814 475 858 550 ὡς
889 473 1029 559 πάτριον
1060 475 1144 538 θεὸν
1157 480 1206 536 XS

143 582 204 645 τὸν
216 579 331 666 Ἀρην,
355 582 401 656 εἰς
423 589 521 646 τοῦτο
545 579 664 658 τάξεως
687 579 835 663 ἀριθμοῦ
854 578 1026 645 ἀνέθεντο·
1050 580 1152 666 ἡγδιρ

144 689 237 773 τριάς
267 686 350 772 ἀρχὴ
380 686 541 772 ἀριθμοῦ·
574 688 657 752 ὥστε
687 685 747 751 οὐκ
777 685 837 765 ἔξω
868 690 1069 770 φιλοσοφίας
1095 687 1154 751 τὸν
1168 697 1194 750 Χ

136 792 236 879 ’Ἀρεα
259 794 454 875 ζευγνόουσι
476 803 515 880 τη
533 791 727 879 Ἀφροδίτῃ·
755 802 794 880 τῇ
817 795 880 878 γάρ
906 795 1006 858 δυάδι
1030 799 1144 858 συνελ-
1158 803 1206 858 XS

144 900 271 983 θοόσης
294 901 439 983 μονάδος
461 910 590 986 πρῶτος
617 899 762 985 ἀριθμὸς
789 898 921 983 ἐτέχθη,
950 899 986 976 ὃς
1008 906 1153 966 καλεῖται
1181 926 1193 965 ε

96 1053 102 1064 ·
144 1003 199 1071 ὑπ’
223 1004 323 1071 ένίων
345 1005 478 1089 τέλειος,
502 1006 553 1071 ὅτι
575 1016 705 1091 πρῶτος
727 1007 767 1069 τά
789 1008 896 1071 πάντα
915 1010 1077 1089 σημαίνει,
1100 1005 1153 1071 καὶ

143 1124 272 1198 πρῶτος
301 1111 425 1190 ἔδειξεν
454 1112 559 1198 ἀρχὴν
590 1110 673 1195 μέσα
704 1109 809 1188 τέλος·
843 1113 941 1177 εἰκὼν
972 1113 1035 1198 γάρ
1065 1112 1187 1178 ἐστινὸ

122 1211 126 1217 ’
144 1217 302 1283 ἐπιπέδου
325 1217 379 1283 καί
402 1219 514 1304 πρώτη
532 1218 713 1293 ὑπόστασις
732 1216 769 1281 έν
786 1219 974 1301 τριγώνοις·
998 1222 1073 1302 τρία
1091 1220 1154 1304 γάρ

145 1324 255 1389 αὐτῶν
277 1323 370 1407 γένη·
400 1326 599 1409 ἰσόπλευρον
623 1320 787 1400 ἰσοσκελές
816 1326 989 1407 σκαληνόν.
1030 1326 1089 1389 τὸν
1116 1322 1192 1390 <nx

143 1430 313 1516 τέταρτον,
345 1431 427 1514 <δν>
450 1428 620 1515 Ἀπρίλιον
650 1430 863 1514 ὀνομάζουσι,
889 1433 971 1495 κατά
998 1432 1060 1514 τὴν
1086 1443 1153 1497 τῶν
1167 1457 1193 1497 10

146 1540 316 1620 στοιχείων
339 1538 444 1621 φύσιν
466 1544 511 1623 τῷ
534 1537 676 1624 τετάρτῳ
700 1535 833 1624 άριθμηλ
856 1535 1032 1620 ἀνέθεντο,
1059 1561 1153 1602 τουτ-

145 1641 236 1706 ε’στιν
259 1640 452 1729 Ἀφροδίτη·
484 1643 503 1726 ἡ
533 1644 597 1728 γάρ
625 1652 686 1707 τοῦ
712 1643 836 1720 παντὸς
862 1645 1025 1728 αἰσθητοῦ
1054 1645 1154 1728 φάσις

115 1801 116 1806 ,
145 1746 181 1812 έκ
203 1749 372 1834 τεσσάρων
396 1747 463 1814 ἐστὶ
487 1751 667 1834 στοιχείων,
691 1749 773 1832 αὕτη
795 1747 824 1814 δ’
847 1748 890 1815 άν
908 1756 958 1834 είη
976 1753 1058 1816 κατὰ
1076 1747 1154 1827 τοὺς

144 1857 369 1938 φυσιολόγους
382 1853 569 1942 Ἀφροδίτη.
607 1867 736 1941 πρῶτος
755 1851 817 1922 οὖν
834 1859 1038 1943 τετράγωνος
1057 1857 1154 1944 άριθ-

144 1961 205 2043 μὸς
229 1956 325 2037 οὗτος
347 1960 402 2026 καλ
425 1963 610 2048 τετρακτύς,
633 1961 717 2028 άλλδι
739 1964 805 2047 μην
826 1962 881 2028 καί
904 1975 1033 2050 πρῶτος
1051 1963 1152 2042 ἔδειξε
1168 1991 1193 2030 15

144 2068 205 2150 τὴν
233 2069 369 2153 στερεὰν
396 2068 512 2153 φύσιν·
544 2079 680 2152 σημεῖον
707 2071 785 2155 γάρ,
813 2064 882 2134 εἶτα
909 2073 1056 2156 γραμμή,
1084 2067 1153 2136 εἶτα

146 2171 337 2256 ἐπιφάνεια,
365 2169 435 2239 εἶτα
458 2177 605 2260 στερεόν,
636 2175 654 2240 ὅ
681 2174 749 2239 έστι
778 2187 877 2258 σῶμα.
923 2175 959 2240 έκ
985 2178 1154 2262 τεσσάρων

145 2275 224 2362 δέη
252 2289 312 2344 τοῦ
331 2329 426 2344 .....
445 2279 602 2367 τέταρτον
629 2281 776 2367 ἀριθμὸν
798 2279 977 2367 Ἀφροδίτη
1005 2281 1154 2348 τουτέστι

143 2394 182 2470 τῇ
217 2386 316 2469 φύσει
340 2398 414 2451 τῶν
443 2387 645 2472 πραγμάτων
676 2386 844 2452 άνέθεντο.
898 2386 974 2452 ἀνθ’
994 2389 1084 2454 ·ὅτου
1117 2385 1154 2454 δὲ

144 2491 249 2568 οὕτως
280 2492 371 2571 ἔδοξε
395 2492 563 2577 Ῥωμαίοις
594 2494 654 2558 τὸν
683 2492 840 2579 τέταρτον
867 2494 1027 2577 ὀνομάσαι
1055 2505 1152 2580 μῆνα,
1166 2522 1192 2562 ω

144 2600 200 2664 διά
223 2599 373 2683 βραχέων
396 2599 473 2685 ἐρῶ·
496 2598 576 2675 τέως
601 2596 639 2664 δὲ
661 2601 742 2664 κατά
765 2601 802 2664 τὸ
824 2603 975 2686 πρόσθεν
998 2600 1153 2685 ἐπηγγελ-

144 2703 246 2788 μένον
269 2705 365 2788 δλίγα
388 2708 467 2772 άττα
494 2704 569 2791 περὶ
597 2715 654 2788 τῆς
680 2707 762 2770 πατδι
780 2705 982 2792 Ἀφροδίτην
1008 2711 1153 2794 θεωρίας

145 2812 357 2896 διαλήψομαι.
403 2813 435 2878 οἱ
462 2811 598 2896 φυσικοὶ
626 2821 805 2898 τοιγαροῦν
827 2814 886 2878 τὸν
909 2813 1044 2900 έαρινὸν
1067 2811 1152 2880 εἶναι

144 2919 261 3003 καιρὸν
287 2920 348 3001 την
371 2921 567 3004 Αφροδίτην
593 2919 785 3002 βούλονται·
813 2914 909 2996 οὗτος
938 2918 966 2984 δ’
990 2919 1031 2985 άν
1059 2927 1109 3005 είη
1133 2921 1151 2987 δ

145 3023 182 3088 έν
204 3025 314 3113 ταύρῳ
335 3025 441 3107 ἥλιος·
464 3024 518 3090 καί
541 3024 834 3111 άποστρεφομένην
856 3025 961 3109 αὐτὴν
978 3027 1039 3091 τὸν
1051 3025 1152 3112 Ἀρεα
1166 3052 1191 3092 ιτ

144 3139 314 3213 ποιοῦσιν,
344 3131 389 3208 ὡς
412 3130 580 3216 ἐλέγομεν,
608 3133 667 3196 τὸν
681 3130 797 3217 Ἀρεος
820 3141 908 3216 μῆνα
929 3170 973 3178 -
997 3127 1094 3208 οὗτος
1117 3130 1146 3196 δ’·

215 3329 269 3377 ν.1
290 3324 386 3384 καθὼς
404 3323 437 3391 S,
460 3321 531 3377 κατὰ
549 3324 581 3376 Χ
651 3319 828 3392 2τδνἈρην
851 3323 928 3378 omis,
948 3325 980 3376 X
1049 3323 1151 3378 θάστε

145 3395 196 3447 οὐκ
211 3426 244 3432 -
259 3400 275 3446 4
291 3391 437 3466 Ἀφροδίτη
458 3392 578 3449 omis.S
648 3396 730 3448 λιταὶ
748 3392 824 3456 τέλος
842 3394 885 3464 θλ
907 3395 988 3448 εἰκὼν
1002 3426 1035 3432 -
1051 3399 1067 3446 9
1086 3412 1151 3449 σκα-

144 3465 230 3532 ληνὸν
248 3464 349 3518 desunt
362 3465 394 3518 X
453 3463 633 3534 9σιιαληνόν.
663 3469 714 3520 eet.
731 3464 825 3519 dee.S
885 3471 917 3519 10
936 3462 1012 3538 <δν>
1032 3465 1149 3540 addidi1

145 3533 315 3604 ὠνομάζουσι
333 3535 361 3588 Α
434 3541 466 3589 13
485 3535 515 3590 ἐκ
533 3545 588 3592 τῶν
606 3535 744 3604 τεσσάρων
763 3537 791 3588 Β
863 3542 896 3590 18
914 3535 1049 3590 nonnulla
1066 3536 1151 3592 inter-

146 3605 247 3660 cidisse
264 3609 345 3676 patet
361 3607 365 3678 J
380 3605 511 3675 τετάρτου
530 3606 653 3676 ἀριθμοῦ
672 3608 700 3660 Β
772 3613 804 3660 21
814 3607 873 3662 ’τὸν
887 3605 1011 3675 πρόσθεν
1026 3609 1063 3677 Χ,
1083 3626 1150 3663 corr.

145 3676 246 3730 Hasius
318 3683 351 3730 25
371 3675 439 3746 ἀέρα
458 3679 494 3746 Β,
514 3677 582 3746 άρεα
601 3679 628 3732 A
701 3683 734 3731 26
753 3675 867 3747 λέγομεν
885 3680 923 3749 Χ,
942 3695 1010 3733 corr,
1025 3680 1068 3734 Rr

956 3768 990 3821 8*
