2760 4234
259 273 322 338 156
501 273 610 328 LIBER
628 272 805 339 QUARTUS.
833 273 1025 328 AUGUSTUS

216 436 434 513 ΧἸονλιανὸς
461 437 526 502 ὑπὸ
554 446 614 503 τοῦ
638 439 804 521 Λιβανίον
825 435 881 503 καλ
904 439 1016 503 ἀλλων
1037 442 1171 503 πολλῶν
1195 439 1281 502 ολω-

258 546 431 609 νοσκύπων
453 543 582 626 λέγεται
604 543 816 628 φθέγξασθαι
838 545 876 610 τὸ
895 543 1083 630 Ὁμηρικόν·

346 683 497 770 αἰδέομαι
524 690 637 772 Τρῶας
659 683 715 750 καὶ
742 685 899 772 Τρωάδας
923 683 1184 763 ἑλκεσιπέπλους.

256 827 454 913 ὑπερβαλὼν
485 824 523 893 δέ
554 829 615 894 τὸν
651 831 794 916 Τίγρητα
825 826 881 893 καὶ
913 830 1038 906 πολλάς
1069 831 1183 904 πόλεις
1215 827 1278 894 καὶ

229 934 403 1020 εφρούρια
422 939 565 1021 Περσῶν
586 935 878 1021 παραστησάμενος
900 935 938 1000 τὸ
962 936 1081 1001 λοιπὸν
1104 934 1279 1021 ἀφόρητος

256 1035 299 1124 ἦν
320 1052 390 1118 τοῖς
412 1042 606 1128 βαρβάροις·
630 1041 717 1129 δόλῳ
741 1038 778 1107 δὲ
801 1041 889 1126 ὅμως
911 1040 1167 1108 ἀπόλλυταικαὶ
1185 1063 1278 1126 παμ-

255 1151 388 1231 πληθεί.
437 1149 499 1214 δύο
527 1147 590 1234 γάρ
619 1146 763 1234 Πέρσαι,
795 1147 1099 1234 ἀκρωτηριάσαντες
1132 1145 1277 1226 ἑαυτοὺς

257 1255 351 1319 άντων
380 1278 415 1320 τε
441 1251 496 1318 καλ
519 1256 710 1339 μυκτήρων,
743 1252 899 1331 ἐλθόντες
926 1253 1075 1320 ἀπατῶσι
1103 1255 1162 1320 τὸν
1187 1253 1277 1320 Ἰου-

257 1351 384 1444 λιανόν,
412 1370 547 1426 τοιαῦτα
570 1361 653 1446 πρὸς
675 1369 736 1425 τοῦ
758 1358 919 1444 βασιλέως
940 1367 1065 1426 παθεῖν
1092 1371 1159 1426 τῶν
1183 1365 1277 1448 Περ-

111 1495 115 1503 ·
218 1493 244 1531 10
258 1479 327 1534 σῶν
349 1468 559 1554 ὀδυρόμενοι,
582 1466 751 1531 δύνασθαι
774 1463 811 1531 δὲ
834 1466 932 1551 ὅμως,
955 1473 1047 1551 είπερ
1066 1467 1179 1544 αὐτοῖς
1196 1465 1277 1547 ἔψε-

257 1599 310 1640 ται
334 1572 564 1655 ὁἸονλιανύς,
588 1570 637 1637 ἐπ’
660 1572 761 1656 αὐτῆς
784 1571 888 1639 αὐτὸν
911 1575 1071 1660 Γοργοῦς,
1096 1583 1154 1658 τῆς
1176 1577 1276 1658 βασι-

258 1682 351 1758 λίδος
379 1691 447 1745 τῶν
475 1684 634 1765 Περσῶν,
665 1690 809 1744 νικῶντα
838 1689 1047 1764 καταστῆσαι.
1097 1680 1115 1746 ὁ
1145 1676 1183 1744 δὲ
1213 1690 1277 1764 τῆς

257 1784 472 1872 πεπρωμένης
495 1784 689 1869 ἐπειγούσης
714 1785 880 1872 Ζωπύρου
902 1810 937 1851 τε
962 1788 1029 1871 ἅμα
1051 1796 1111 1852 τοῦ
1130 1785 1276 1872 Ἡροδο-

258 1895 349 1957 τείου
382 1889 438 1957 καλ
468 1895 621 1968 Σίνωνος
658 1901 719 1957 τοῦ
751 1896 974 1978 Βεργιλιανοῦ
1008 1891 1278 1978 ἐπιλελησμένος,

218 2023 244 2062 15
258 1999 316 2074 τάς
345 2006 428 2074 ναῦς
454 1995 671 2082 καταφλέξας,
700 1996 742 2063 δι’
766 1993 815 2065 ὧν
841 2000 901 2064 τὸν
923 1999 1106 2086 Εὐφράτην
1128 1998 1277 2085 παρεφέ-

258 2129 348 2191 ρετο,
376 2105 420 2181 ῶς
447 2105 491 2190 μὴ
514 2105 687 2190 δήπουθεν
710 2103 857 2191 Πέρσαις
884 2107 1046 2190 <δοῦναι>
1071 2107 1188 2172 ἀδειαν
1210 2117 1277 2172 τοῦ

257 2213 445 2297 χρήσασθαι
473 2210 602 2296 αύταλς,
634 2215 771 2298 μετρίαν
797 2213 874 2277 τινά
901 2213 1053 2296 δαπάνην
1079 2217 1277 2297 κομίζοντος

258 2327 318 2383 τοῦ
346 2327 503 2405 στρατοῦ,
533 2328 603 2395 τοῖς
630 2317 799 2384 ἀπατῶσιν
825 2318 1068 2402 ἠκολούθησεν·
1098 2320 1131 2384 ολ
1158 2316 1195 2385 δὲ
1223 2321 1277 2397 είς

227 2505 229 2516 1
258 2422 361 2510 ξηράν
389 2422 445 2490 καὶ
475 2425 624 2510 ἀνυδρον
652 2424 832 2508 ἀγαγόντες
861 2425 965 2491 αὐτὸν
993 2427 1182 2512 δυσχωρίαν
1211 2428 1277 2492 τὸν

218 2556 245 2594 20
259 2531 362 2596 δόλον
375 2529 601 2614 ἀπεκάλυψαν,
615 2529 671 2597 καὶ
685 2530 780 2596 αὐτοὶ
794 2529 856 2616 μέν
865 2569 907 2577 -
917 2534 954 2596 τί
963 2533 1027 2615 γάρ
1041 2527 1084 2615 ἦν
1096 2531 1212 2612 πλέον;
1227 2570 1275 2580 —-

258 2635 441 2718 ἀπώλοντο,
460 2636 478 2702 δ
497 2632 535 2701 δέ
551 2637 707 2720 βασιλεὺς
725 2633 805 2702 οὐδὲ
822 2643 1004 2723 προελθεῖν
1022 2636 1171 2704 ἐπέκεινα
1189 2637 1276 2705 οὐδὲ

258 2740 461 2828 ἀναστρέψαι
490 2743 527 2807 τὸ
557 2743 676 2808 λοιπὸν
706 2742 884 2828 εὑρίσκων,
917 2745 1055 2830 οἰκτρῶς
1086 2743 1276 2831 ἐφθείρετο.

258 2849 302 2926 ὡς
316 2845 353 2913 δὲ
367 2849 404 2914 τὸ
417 2850 503 2915 πολὺ
522 2847 621 2935 μέρος
639 2859 696 2932 τῆς
715 2859 869 2935 στρατιᾶς
887 2847 1049 2933 διέπεσεν,
1068 2850 1275 2944 ἀσθενοῦντι

258 2954 347 3043 αύτῷ
370 2953 519 3039 ἐπῆλθον
542 2956 574 3020 οἱ
598 2953 737 3041 Πέρσαι,
761 2953 1001 3033 ἐλαττωθέντες
1024 2953 1062 3022 δὲ
1084 2956 1139 3022 καὶ
1163 2957 1275 3037 ούτως
1330 2989 1331 2994 ’

217 3087 244 3128 25
258 3057 359 3138 αὖθις
382 3060 586 3127 ἐπιτίθενται
609 3058 692 3146 μηδὲ
715 3063 777 3128 δύο
800 3063 964 3149 μυριάδας
988 3065 1098 3148 ἔχοντι
1121 3071 1167 3151 τῷ
1189 3063 1276 3150 πρὶν

328 3287 434 3343 v.311.
454 3287 473 3341 Z
492 3294 544 3342 442
614 3295 647 3344 13
664 3289 766 3344 Herod.
786 3289 826 3344 ΙΠ
845 3295 896 3345 154
961 3296 994 3344 14
1012 3290 1096 3362 Verg.
1111 3292 1181 3347 Aen.
1194 3291 1221 3345 Π
1237 3298 1273 3347 79

328 3520 353 3556 v.
368 3507 384 3555 9
402 3511 504 3571 πορεῖν
526 3503 555 3556 Α
628 3508 661 3556 10
680 3503 823 3558 δύνασθαι
846 3501 1012 3573 ὀδυρόμενοι
1030 3505 1071 3574 Α,
1094 3505 1274 3574 transposuit

257 3571 296 3642 A,
314 3574 319 3642 Ι
334 3570 366 3626 δὲ
385 3572 463 3628 omis.
482 3575 510 3628 A
583 3579 615 3628 16
635 3573 781 3700 (δοῦγαιέ
797 3574 886 3645 suppl.
900 3575 976 3629 Hase
1049 3582 1082 3630 19
1101 3575 1225 3647 ἀναγρον
1242 3579 1273 3632 Β

259 3647 293 3696 20
312 3642 396 3706 αύτδς
415 3645 443 3698 Β
516 3651 547 3698 21
568 3648 734 3714 προσελθων
853 3652 887 3700 23
906 3644 1049 3716 στρατείας
1067 3648 1095 3702 Β
