2760 4234
409 268 516 322 LIBER
535 268 710 334 QUARTUS.
739 270 878 326 APRILIS
1085 271 1148 335 123
1225 285 1227 288 ’

139 433 173 497 ολ
196 427 233 496 δέ
253 433 407 508 Φοίνικες
430 431 566 514 βασιλέα
589 431 693 516 φασίν
716 432 818 498 αὐτὸν
841 432 999 516 γενέσθαι
1022 435 1147 498 δικαιό-
1163 445 1211 498 XS

138 561 249 621 mov,
272 539 355 602 ὥστε
377 539 438 621 τὴν
459 537 535 625 περὶ
558 540 661 604 αὐτοῦ
683 538 784 617 δόξαν
801 543 972 624 κρείττονα
990 539 1147 622 γενέσθαι

139 653 200 709 τοῦ
223 646 360 729 χρόνου·
383 644 485 729 ταότη
502 647 637 728 Κρόνον
658 643 810 728 ἐκβαλεῖν
831 655 889 729 της
911 649 1079 728 βασιλείας
1098 645 1148 711 λέ-

93 793 95 800 ·
140 773 241 833 χεται,
260 748 364 815 ολονελ
383 750 442 814 τὸν
455 752 578 836 χρόνον
596 749 650 816 καί
669 751 730 833 τὴν
749 750 781 829 ἐξ
800 750 903 816 αὐτοῦ
922 754 1031 835 λήθην
1049 753 1149 838 ὑπερ-

140 860 263 941 βαλεῖν.
298 856 316 922 ὁ
331 852 368 921 δὲ
380 857 541 940 ῒΜηλίας
554 857 619 923 ὑπὸ
634 855 832 942 Ἀμαλθείας
851 857 954 922 αὐτὸν
971 867 1149 943 τραφῆναι,
1163 871 1189 924 Χ

140 955 213 1029 οἷον
236 962 351 1047 ἕκτης
374 963 555 1046 δυνάμεως,
577 961 749 1028 τουτέστιν
772 962 807 1028 εἰι
830 973 887 1047 τῆς
905 963 1149 1048 ἀμαλακιστίας.
1176 995 1189 1033 ι
1241 981 1245 988 ’

139 1071 157 1136 δ
182 1067 218 1136 δέ
241 1071 375 1155 Κράτης
402 1070 461 1134 τὸν
482 1070 619 1153 Κρόνον
646 1066 728 1153 φησὶ
752 1073 907 1145 Σικελίας
934 1068 989 1134 καὶ
1009 1068 1150 1148 Ἰταλίας
1235 1083 1240 1096 ’

138 1175 193 1242 καὶ
217 1167 277 1242 τοῦ
298 1178 456 1241 πλείστου
479 1174 600 1260 μέρους
622 1184 680 1258 τῆς
702 1176 829 1259 Λιβύης
851 1178 1045 1259 βασιλεῦσαι
1069 1177 1150 1260 ἀπη·

140 1295 216 1366 νῶς,
239 1283 298 1348 τὸν
321 1278 359 1347 δὲ
382 1282 502 1348 τούτου
525 1282 602 1346 υλὸν
624 1280 803 1348 ἐπιθέσθαι
827 1290 873 1369 τῷ
894 1280 994 1367 πατρί
1017 1281 1072 1347 καὶ
1091 1282 1149 1347 αὐ-

138 1391 198 1454 τὸν
220 1386 282 1473 μὲν
305 1390 352 1464 είς
375 1390 514 1472 ἔσχατον
532 1387 646 1453 έλοίσαι
669 1397 727 1470 τῆς
745 1389 881 1471 δόσεως,
902 1387 1094 1473 ἡμερώτατα
1112 1385 1150 1454 δὲ
1164 1419 1190 1458 ιο

140 1505 197 1580 της
220 1498 387 1579 βασιλείας
410 1493 662 1579 ἀντιλαβέσθαι,
690 1493 744 1560 καλ
769 1496 824 1560 διὰ
847 1504 945 1559 τοῦτο
969 1501 1150 1579 τιμηθῆναι

140 1603 185 1678 ὡς
206 1605 297 1667 θεόν.
338 1599 580 1687 Ἐρατοσθένης
602 1625 640 1684 γε
663 1602 729 1685 μὴν
751 1602 811 1666 τὸν
829 1605 897 1666 Δία
920 1600 957 1665 έν
976 1610 1016 1686 τῇ
1034 1605 1149 1687 Κρήτη

138 1714 296 1791 τεχθῆναι
320 1707 422 1791 λέγει,
447 1708 603 1774 κάκεῖθεν
626 1710 683 1773 διδι
705 1709 764 1773 τὸν
786 1710 923 1793 Κρόνου
946 1709 1055 1792 φόβον
1077 1731 1151 1791 μετ-

140 1820 317 1898 ενεχθῆναι
346 1816 392 1890 εἰς
415 1814 538 1892 Νάξον.
584 1815 740 1898 Εὔμηλος
767 1810 804 1878 δὲ
832 1813 849 1879 ὁ
872 1816 1058 1899 Κορίνθιος
1089 1815 1150 1880 τὸν

140 1924 208 1985 Δία
236 1919 272 1984 έν
300 1930 338 2006 τῇ
366 1919 442 1986 καθ’
465 1921 550 2004 ἡμᾶς
575 1922 686 2008 Λυδίᾳ
712 1927 871 2005 τεχθῆναι
899 1921 1068 2004 βούλεται,
1094 1920 1150 1986 καλ
1164 1950 1190 1990 15

139 2032 267 2111 μᾶλλον
297 2026 454 2109 ἀληθεύει
485 2028 565 2092 ὅσον
593 2026 630 2092 έν
659 2028 807 2114 ὶστορίηι·’
833 2029 881 2091 έτι
911 2029 975 2113 χάρ
1004 2026 1059 2091 καλ
1086 2037 1151 2091 νῦν

139 2133 224 2218 πρὸς
255 2141 300 2219 τῷ
334 2134 457 2218 δυτικηῖ
493 2144 550 2218 τῆς
582 2135 800 2219 Σαρδιανῶν.
817 2136 943 2210 πόλεως
974 2132 1065 2220 μέρει
1098 2132 1146 2198 ἐπ’

140 2238 322 2324 ἀκρωρείας
353 2248 413 2303 τοῦ
448 2241 587 2323 Τμώλου
618 2243 718 2316 τόπος
750 2238 854 2323 ἐστίν,
888 2238 925 2316 δς
956 2241 1057 2305 πάλαι
1090 2236 1151 2324 μὲν

141 2349 173 2410 Γ
170 2343 246 2411 οναὶ
269 2345 353 2421 Διὸς
375 2345 503 2427 ὑετιόυ,
531 2355 595 2410 νῦν
618 2343 654 2411 δέ
677 2349 942 2432 παρατραπείσης
969 2353 1015 2433 τῷ
1041 2347 1150 2433 χρόνῳ

139 2461 197 2536 τῆς
230 2450 345 2529 λέξεως
372 2452 520 2516 Δεύσιου
551 2451 840 2538 προσαγορεύεται.
892 2452 1037 2536 φύλακες
1065 2447 1151 2535 ἦσαν
1165 2483 1192 2522 ιο

140 2559 172 2622 οἱ
196 2558 373 2644 Κούρητες.
420 2559 515 2624 ἄλλοι
537 2558 746 2644 Προμηθέας
768 2555 872 2642 φασὶν
895 2553 981 2623 εἶναι
1004 2560 1081 2624 υλὸν
1104 2560 1152 2625 οἱ·

141 2661 209 2730 ονελ
239 2673 296 2748 τῆς
323 2668 490 2750 προνοίας.
537 2667 569 2731 οἱ
592 2661 630 2730 δέ
652 2670 800 2732 πλεῖστοι
827 2677 894 2730 τῶν
917 2678 1070 2749 φυσικῶν
1092 2669 1152 2733 τὸν

139 2773 208 2834 Δία
226 2768 351 2836 Ἰδαῖον
374 2766 459 2836 εἶναι
482 2772 662 2856 βούλονται
688 2759 930 2856 καίτεχθηναι
954 2772 990 2838 έν
1013 2783 1051 2860 τῇ
1069 2773 1150 2860 Ἴδη,

140 2875 309 2942 τουτέστιν
332 2876 369 2942 έν
391 2887 437 2966 τῷ
462 2879 551 2963 πάρδι
565 2876 639 2963 ’Ίδη
667 2877 822 2965 ὁρωμένῳ
847 2877 988 2966 οὐρανῷ.
1033 2889 1091 2964 τῆς
1114 2877 1151 2945 δέ

210 3033 234 3068 v.
255 3021 270 3068 7
295 3015 391 3071 Grates
419 3015 488 3070 ibid.
515 3016 568 3087 frg.
589 3021 604 3069 9
714 3023 747 3070 12
765 3017 965 3073 Eratosthenes
991 3018 1096 3072 Οεῖεελ,
1116 3021 1150 3070 30

142 3091 174 3140 14
192 3085 324 3140 Eumelus
342 3086 395 3157 frg.
409 3087 487 3140 XVII
505 3087 719 3142 Marokucheffel

211 3229 235 3264 v.
251 3217 264 3264 1
286 3208 328 3265 δτι
347 3210 374 3264 οἱ
393 3209 518 3280 φοίνικες
536 3208 585 3265 δία
603 3211 667 3268 τινὰ
686 3210 819 3282 γενέσθαι
838 3215 908 3282 φασὶ
927 3210 1040 3284 βασιλέα
1056 3219 1152 3266 τοσοῦ-

139 3301 189 3336 τον
207 3279 386 3337 δικαιότατον
400 3289 466 3336 -4
485 3282 651 3354 ὑπερβαλεῖν
670 3284 690 3338 S
762 3289 777 3336 3
796 3283 883 3355 ταότη
899 3315 931 3324 -
946 3289 964 3336 4
981 3283 1032 3337 τδν
1049 3279 1152 3352 χρόνον

140 3351 218 3407 omis.
234 3353 261 3406 B
287 3354 291 3423 Ι
316 3352 364 3407 καλ
381 3353 467 3422 ταότη
487 3353 509 3408 S
532 3355 536 3424 χ
562 3349 744 3425 έκβάλλεινδ
814 3361 899 3410 4τοῖι
922 3351 1023 3424 χρόνον
1042 3354 1079 3422 A,
1101 3354 1152 3409 τόν

140 3421 280 3493 χρόνονδ
386 3422 562 3494 όΜηλισίας
585 3424 618 3480 ci.
637 3424 761 3479 Creuzer.
790 3441 827 3478 an
842 3422 975 3494 Ἀμέλιοςῖ
1004 3423 1037 3478 cf.
1055 3424 1101 3494 IV,
1117 3430 1151 3479 85

141 3501 157 3548 6
172 3491 328 3563 ἀμαλακίοις
337 3495 375 3564 Χ,
391 3512 459 3550 corr.
471 3496 514 3550 Rr
559 3502 575 3549 9
589 3493 743 3551 πείθεσθαι
754 3497 791 3564 Χ,
802 3493 955 3550 ἐπιθέσθαι
966 3495 1009 3550 Rr
1055 3500 1087 3550 11
1102 3498 1151 3551 καὶ

140 3564 295 3621 αὐτόνδιὰ
316 3574 398 3622 τοῦτο
418 3567 458 3635 Β,
482 3568 530 3620 ιιιιὶ
554 3565 585 3621 δὲ
605 3574 687 3621 τοῦτο
705 3567 733 3620 Α
807 3572 838 3620 17
858 3563 934 3635 μένει
953 3567 995 3636 Χ,
1019 3564 1095 3637 μέρει
1109 3569 1153 3622 Rr

142 3639 175 3688 18
194 3637 312 3706 τιμόιλον
330 3636 357 3690 Α
429 3643 463 3690 23
482 3635 564 3706 ἥδιον
583 3639 618 3705 Α,
638 3638 732 3692 ίδαῖον
751 3638 778 3690 Β
851 3642 885 3690 24
903 3634 986 3706 ἥδιον
1004 3639 1040 3708 A,
1060 3638 1106 3709 ίδη
1124 3640 1152 3693 Β
