2760 4234
223 285 285 349 126
502 285 611 338 LIBER
630 284 805 350 QUARTUS.
835 287 947 341 MAIUS

179 457 204 512 X
219 449 322 532 μύλος
344 451 537 532 πατρικίους
555 449 707 533 πρώτους
725 447 928 534 ἀνηγόρευσε
946 452 1002 515 διὰ
1020 451 1057 515 τὸ
1077 449 1228 536 εὐπατρί-

220 556 280 629 δας
302 552 474 636 γενέσθαι,
501 552 557 618 καὶ
580 555 641 636 τὴν
664 549 791 620 ἕαυτῶυ
812 559 1009 640 περιουσίαν
1031 567 1100 633 τοῖς
1123 555 1230 635 ξένοις

218 656 303 745 ὑπὲρ
326 669 382 742 τῆς
405 661 563 745 πατρίδος
591 659 773 725 ἐπιδοῦναι.
814 659 911 745 Ἰλία,
939 662 959 745 ἡ
983 673 1043 728 τοῦ
1061 662 1229 747 Ῥωμύλου

220 769 334 851 νότοι·
934 851 936 854 ,

186 881 204 936 S
289 873 339 938 74.
364 871 434 937 Ὅτι
462 874 544 959 πρὸς
571 875 649 950 τοὺς
679 872 911 956 ἀπολέγοντας
939 886 987 962 τῇ
1006 879 1148 962 προνοίᾳ
1174 874 1247 940 καδ

194 976 450 1062 εμεμφομίυους
472 977 619 1044 τουτοισὶ
642 991 712 1056 τοῖς
736 983 906 1064 ζωϋφίοις,
930 981 1040 1067 ἀκρίσι
1063 985 1146 1064 λέγω
1174 981 1229 1047 καὶ

221 1084 389 1170 ἐρυσίβαις
416 1083 470 1149 καὶ
498 1087 542 1170 ὡς
571 1087 611 1150 οὐ
640 1090 873 1172 προσηκόντως
901 1092 1078 1172 φαίνονται
1105 1111 1229 1173 παρηγ-

220 1190 312 1276 μίυα,
327 1189 430 1274 φησὶν
444 1189 702 1276 δἈπολλώυιος,
719 1193 769 1258 ὅτι
784 1196 916 1275 γελοῖόν
930 1193 1020 1259 ἐστιν
1030 1194 1181 1275 ἐγκαλεῖν
1190 1204 1229 1280 τῇ

219 1300 371 1384 προνοίᾳ,
394 1304 521 1382 μᾶλλον
545 1295 581 1363 δὲ
603 1299 857 1383 καταγέλαστον,
880 1302 909 1365 ελ
931 1301 1055 1379 ψύλλαι
1074 1304 1230 1383 γεγόνασι

181 1403 274 1470 ιοκαλ
304 1407 425 1490 κόρεις·
456 1406 523 1470 ἔδει
552 1407 615 1491 γάρ
645 1406 702 1470 ἵνα
731 1407 775 1490 μὴ
805 1407 929 1484 ψύλλαι
957 1405 1119 1490 γίνωνται
1146 1411 1230 1486 ζῶον

220 1509 295 1596 μηδ’
332 1511 416 1588 ὅλως
452 1510 626 1596 γενέσθαι,
662 1511 739 1597 μηδ’
777 1514 832 1578 ’ίνα
868 1515 977 1598 κόρεις
1013 1513 1229 1599 ἀνθρώπους·
1368 1489 1369 1582 λ

42 1634 44 1639 ·
154 1626 205 1680 SX
220 1618 332 1701 ἐπειδὴ
352 1617 387 1682 ἐκ
405 1614 467 1701 μὲν
484 1627 541 1701 τῆς
559 1618 744 1704 ἀνθρώπου
761 1621 844 1704 πρὸς
863 1623 935 1686 ἔνια
953 1633 1020 1685 τῶν
1038 1620 1147 1699 ξύλων
1160 1631 1282 1688 erV51
1368 1667 1369 1708 χ

219 1726 448 1810 παρατρίψεως
479 1727 587 1810 κόρεις
623 1729 788 1808 γίνονται,
826 1724 861 1790 ἐκ
898 1723 935 1791 δὲ
966 1729 1090 1804 παντὸς
1126 1729 1231 1812 οὔρου

219 1831 358 1912 ψόλλαι,
390 1840 484 1914 μυῖαι
515 1826 551 1894 δὲ
584 1829 616 1908 ἐξ
644 1830 816 1896 ἀποπάτου
843 1831 863 1914 ἢ
890 1832 945 1897 καὶ
974 1835 1074 1918 ἀλλης
1104 1841 1231 1920 θερμῆς

181 1961 207 2001 15
220 1937 388 2023 ὑγρασίας.

131 2035 133 2040 ’
181 2053 206 2106 X
290 2043 338 2108 75.
375 2043 479 2128 Ῥώμη
518 2048 641 2129 Φλῶρα
676 2043 731 2109 καὶ
774 2045 794 2127 η
834 2048 1094 2112 Κωνσταντίνου
1134 2049 1230 2122 πόλις
1248 2064 1280 2111 51

221 2152 327 2233 ἤγουν
340 2148 521 2215 ’Ἀυθουσα

668 2307 788 2375 Μάϊος.

290 2433 339 2497 76.
365 2433 415 2497 Οὐ
438 2436 561 2519 μικράν
585 2435 621 2499 ἐν
639 2434 796 2520 ἀριθμοῖς
815 2434 1008 2520 ἐδείκνυμεν
1026 2437 1087 2520 τὴν
1105 2446 1162 2520 της
1180 2461 1230 2502 τε·
1250 2454 1285 2505 52

182 2565 208 2603 ιο
221 2541 342 2625 τράδος
364 2540 519 2624 δύναμιν,
546 2541 589 2624 ἣν
616 2543 658 2606 ἀν
680 2565 730 2617 τις
757 2539 811 2607 καὶ
838 2544 1018 2628 τετρακτὺν
1044 2541 1098 2608 καὶ
1125 2565 1230 2630 πυρα-

222 2646 301 2728 μίδα
324 2644 469 2710 καλέσοι·
497 2649 676 2732 τετρακτὺν
698 2643 759 2731 μὲν
783 2650 865 2714 κατά
888 2649 947 2713 τὸυ
969 2660 1036 2713 τῶν
1059 2653 1230 2734 στοιχείων
1327 2668 1330 2672 ’

222 2749 313 2835 ὅρον,
335 2754 506 2835 πυραμίδα
528 2749 566 2818 δὲ
588 2755 669 2819 κατά
692 2754 751 2818 τὸν
774 2753 811 2819 όν
833 2758 961 2841 θεωρία
983 2758 1097 2838 λόγον·
1122 2757 1142 2839 ἡ
1166 2758 1228 2841 γάρ

111 2940 113 2946 y
222 2855 365 2942 πυραμὶς
392 2857 457 2922 ὑπὸ
480 2860 649 2944 τεσοάρων
676 2859 805 2942 βασέων
828 2858 882 2925 καὶ
905 2862 1073 2947 τεσσάρων
1098 2873 1230 2944 γωνιῶν

222 2965 306 3047 μόνη
330 2964 554 3050 περιεχομένη,
576 2963 632 3029 καὶ
654 2967 766 3051 πρώτη
789 2976 884 3052 τριχῆ
907 2967 1064 3051 διαστάτη
1087 2971 1168 3033 κατά
1191 2969 1229 3033 τὸ

183 3095 209 3136 να
223 3069 532 3154 στοιχειωδέστατον
554 3079 615 3136 τοῦ
642 3073 808 3156 τριγώνου
836 3072 1001 3156 ἐπίπεδον,
1030 3074 1074 3150 ὡς
1097 3075 1115 3139 ὁ
1139 3076 1230 3140 Πλά-

294 3281 318 3318 v.
335 3269 367 3317 25
387 3262 419 3316 cf.
439 3262 521 3316 Plato
540 3262 609 3318 Tim.
628 3281 655 3332 p.
671 3263 734 3317 55A

295 3460 318 3495 v.
335 3447 348 3494 1
368 3451 475 3510 πρῶτος
493 3441 521 3494 Β
594 3447 626 3494 12
646 3441 676 3495 ἐκ
695 3439 745 3509 μὲν
763 3450 811 3512 τῆς
829 3443 988 3511 ἀνθρώπων
1010 3443 1173 3514 (ὁποιασοῦν
1191 3446 1231 3516 B>

224 3511 294 3578 πρὸς
316 3511 376 3567 ἔνια
399 3515 451 3567 etc.
472 3513 503 3565 X
592 3518 625 3566 14
633 3529 672 3581 sq.
692 3515 799 3583 θερμῆς
820 3511 954 3583 ὑγρασίας
972 3514 1004 3582 S,
1027 3513 1181 3584 θερμασίας
1200 3516 1232 3570 Χ

226 3586 258 3636 17
275 3580 364 3652 ’ἤγουν
377 3583 455 3637 omis.
470 3584 498 3637 B
563 3589 594 3637 19
613 3582 728 3652 τριάδος
741 3585 769 3637 Β
832 3590 864 3637 23
884 3593 994 3654 γωνιῶν
1008 3587 1036 3639 Β
1100 3592 1133 3640 24
1150 3595 1230 3657 τριχῆ

224 3651 353 3722 λιαστάτη
372 3657 408 3723 A,
426 3653 628 3724 τριχιλιαστάτη
649 3656 685 3723 Β,
703 3663 781 3725 τριχῆ
800 3653 932 3724 διαστάτη
951 3655 984 3709 ci.
1004 3655 1133 3711 Nokkius
