2790 4214
217 245 260 309 84
442 244 551 298 LIBER
569 244 744 309 QUARTUS.
773 244 1001 298 FEBRUARIUS

178 420 204 474 X
219 433 297 493 των,
322 409 366 484 ὥς
389 425 494 492 φησιν
516 408 534 473 6
558 408 657 484 αὐτὸς
675 407 868 492 Ἰάμβλιχος.
913 408 973 472 τὸν
997 409 1230 494 Φεβρουάριον

218 525 306 600 μῆνα
320 513 409 602 Ἥρα
431 514 634 598 ἀνατεθῆναι
658 513 787 593 ἀξιοῦσι
811 514 922 578 διὰτὸ
941 511 1123 600 τὴνἭραν
1140 517 1230 602 παρά

218 632 289 698 τοῖς
311 632 466 706 φυσικοῖς
489 622 602 686 δοκεῖν
624 617 710 686 εἶναι
733 622 793 685 τὸν
815 620 935 686 ὕπτιον
959 619 1052 706 ἀέρα·
1075 620 1093 686 6
1118 617 1156 686 δὲ
1173 646 1230 686 κα-

177 740 204 794 Η
218 729 349 815 θαρμὸς
378 729 535 814 ἀντικρυς
562 735 608 815 τῷ
635 727 707 814 ἀέρι
736 727 903 813 ἁρμόδιος.
949 725 1168 813 ἐκαθαίροντο
1191 725 1230 793 δὲ

191 837 251 901 τοί
282 833 358 900 ναοὶ
390 833 444 899 καὶ
476 836 516 899 τά
550 835 621 921 ίερά
654 835 753 918 σκεύη
786 831 839 898 ε’πί
869 834 991 898 τούτου
1020 841 1081 898 τοῦ
1112 836 1229 918 μηνός·

216 942 339 1026 ὁμοίως
362 937 400 1005 δὲ
420 939 475 1005 καί
505 939 557 1005 ἐπὶ
584 952 652 1006 τῶν
676 943 853 1006 ἰδιωτικῶν
877 941 998 1016 πάντες
1019 949 1080 1005 τοῦ
1102 947 1229 1028 καθαρ-

216 1058 282 1134 μοῦ
312 1048 511 1132 ἀπείχοντο.
561 1048 612 1112 ότι
642 1044 679 1112 δὲ
709 1047 746 1112 ἐν
772 1055 818 1134 τῷ
847 1050 1064 1135 Φεβρουαρίῳ
1092 1049 1127 1112 αλ
1154 1046 1228 1132 χοαὶ

216 1167 285 1220 τῶν
305 1154 552 1239 κατοιχομένων
574 1154 757 1237 ἐτελοῦντο,
780 1155 838 1219 διὰ
858 1143 994 1220 τοῦτοδ
1012 1157 1153 1238 Νουμᾶς
1170 1153 1228 1218 αῦ-

216 1263 276 1328 τδν
298 1263 497 1346 ἠλάττωσεν,
526 1261 665 1327 ἀνόσιον
688 1256 774 1327 είναι
795 1265 922 1346 κρίνων
945 1267 1000 1325 ῖσα
1023 1271 1092 1337 τοῖς
1115 1263 1229 1337 ἀλλοις

176 1394 204 1433 ιο
217 1377 378 1454 τιμᾶσθαι
400 1369 460 1433 τὸν
482 1379 552 1445 τοῖς
579 1392 617 1451 χε
637 1370 681 1434 Υτὸ
708 1377 776 1433 πᾶν
804 1367 974 1432 ἐλαττοῦσι
996 1371 1154 1456 χθονίοις
1177 1367 1228 1451 ἐχ-

176 1485 203 1538 Χ
216 1480 378 1560 κείμενον.
415 1475 455 1541 οῦ
469 1477 575 1560 μόνον
590 1472 628 1540 δὲ
644 1476 872 1560 Φεβρουάριος
890 1471 1043 1538 ἀλλὰκαὶ
1059 1477 1243 1559 Φεβρονά-’

218 1606 274 1660 τος
297 1580 436 1666 λέγεται,
465 1583 521 1647 διά
543 1582 605 1664 τὴν
631 1583 753 1647 τούτου
780 1584 906 1665 ἔφορον
932 1579 987 1645 καὶ
1013 1583 1230 1667 Φεβρονάταν

216 1687 272 1754 καὶ
297 1689 513 1775 Φεβρονάλεμ
536 1699 606 1764 τοῖς
630 1689 731 1774 ἱεροῖς
753 1686 991 1772 ἀναφέρεσθαι.

163 1804 212 1858 XS
286 1795 337 1858 26.
360 1795 401 1859 Οί
417 1806 484 1859 τῶν
493 1793 660 1878 Ῥωμαίων
673 1795 733 1876 τὴν
748 1795 894 1876 φυσικὴν
909 1795 1058 1879 ἱστορίαν
1073 1810 1151 1877 συχ-
1159 1804 1281 1860 RrIV21

177 1926 203 1966 ιι
217 1899 403 1987 χράφοντές
426 1918 518 1983 φασι,
542 1899 669 1986 σπέρμα
687 1910 726 1986 τῇ
745 1903 852 1986 μήτρα
869 1903 1158 1984 καταβαλλόμενον
1176 1899 1229 1966 ἐπὶ

217 2003 280 2092 μὲν
301 2014 360 2089 της
381 2009 493 2092 τρίτης
510 2005 634 2092 ἡμέρας
651 2005 872 2070 ἀλλοιοῦσθαι
891 2007 938 2082 είς
956 1997 1046 2091 αἷμα,
1069 2006 1123 2071 καί
1142 2009 1229 2093 πρω-

216 2137 278 2196 την
301 2114 543 2197 διαζωνραφεῖν
565 2113 627 2195 τὴν
647 2113 803 2198 καρδίαν,
831 2112 902 2194 ἥτις
929 2114 1041 2197 πρώτη
1069 2110 1131 2198 μὲν
1158 2115 1229 2178 δια-

177 2230 203 2284 Χ
217 2221 431 2302 πλάττεσθαι,
454 2217 629 2283 τελευταία
647 2215 686 2284 δὲ
709 2218 936 2300 ἀποθνήσκειν
954 2219 1094 2302 λέγεται·
1118 2222 1147 2285 ελ
1165 2222 1228 2305 γάρ

178 2353 204 2392 ω
219 2327 302 2413 ἀρχὴ
326 2326 481 2413 ἀριθμῶν
500 2326 518 2391 6
537 2335 635 2412 τρεῖς,
657 2325 809 2411 περιττὸς
827 2325 867 2390 δι’
883 2324 973 2390 ε’στιν
992 2326 1147 2411 ἀριθμός,
1166 2329 1229 2414 ἀρα

183 2432 271 2498 ὃκαὶ
294 2434 378 2519 ἀρχὴ
401 2431 560 2516 γενέσεως
583 2431 615 2511 ἐξ
639 2432 751 2497 αὐτοῦ.
797 2429 850 2495 ἐπί
874 2429 911 2496 δὲ
934 2443 991 2516 τῆς
1014 2432 1151 2516 ἐννάτης
1168 2436 1229 2522 πη·
1324 2462 1327 2471 ·

165 2549 215 2603 XS
230 2563 350 2623 γνυται
373 2537 427 2603 καί
451 2541 498 2616 εἰς
521 2541 625 2625 σάρκα
647 2536 702 2603 καὶ
727 2540 871 2622 μυελοὺς
899 2544 1147 2622 συγχλοιοῦται·
1175 2537 1228 2604 ἐπὶ

217 2641 255 2710 δὲ
278 2654 335 2728 τῆς
352 2654 613 2730 τεσσαρακοστῆς
636 2647 683 2721 είς
706 2647 786 2722 όψιν
804 2648 932 2710 τελείαν
950 2643 1004 2709 καὶ
1023 2646 1229 2710 διατύπωσιν

218 2750 451 2816 ἀποτελεῖσθαι
487 2749 541 2816 καὶ
579 2751 689 2828 ἁπλῶς
731 2753 836 2818 εἰπεῖν
871 2750 998 2816 τέλειον
1035 2752 1229 2881 ἀνθρωπον.

289 2999 314 3034 v
331 2985 344 3032 1
363 2979 464 3035 τὸν
428 3000 449 3049 φ
448 2979 617 3105 Ιβροναριον
632 2986 698 3033 -4
716 2977 850 3048 ἁρμόδιος
864 2981 895 3034 Χ
954 2986 971 3033 4
990 2978 1179 3047 ἐκαθαιροντο
1194 3011 1228 3020 -

220 3049 431 3122 1οἐχκείμενον
553 3058 585 3104 11
606 3052 639 3105 οὐ
658 3049 794 3119 μόνου-
810 3057 843 3104 13
862 3048 1057 3121 ἀναφέρεσθαι
1076 3051 1108 3104 Χ
1131 3051 1135 3122 λ
1161 3070 1228 3120 φεν-

218 3121 342 3192 ρουατδιν
346 3072 408 3177 μκαὶ
427 3121 577 3205 βεβουαλίμ
596 3123 624 3176 Β
695 3128 710 3188 5
729 3127 762 3175 26
782 3121 907 3176 continet
927 3122 1143 3191 ‘tractassumSp
1144 3121 1228 3203 linii'

219 3195 253 3248 de
272 3211 328 3264 quo
345 3193 434 3248 fusius
454 3193 500 3264 egi
517 3192 548 3247 in
565 3192 753 3264 praefation63
746 3193 883 3318 ,οοβὶοεε
902 3195 1014 3262 praeter
1031 3193 1089 3248 XS
1111 3167 1229 3247 adhibux

217 3264 558 3478 {Effgiaeexffipfflffuffdc
565 3269 724 3460 Ῑάοξάἰᾶάῶν
732 3263 1064 3459 όάβαίίοινὲἀάσάἀὲἕὴίδ
1073 3263 1231 3460 Ιόπέάἱμάὴιῖ

219 3416 1114 3549 600603166601¹²⁰6⁰6⁰30ffl¹362¹¹66³0666m
1127 3423 1228 3532 {3⁰62

218 3546 370 3675 πωττχξιιιὶε
379 3555 412 3676 θὲ
433 3553 624 3622 συχχλοιοῦται
643 3548 721 3603 omis.
739 3549 770 3602 X
841 3554 874 3602 23
893 3550 942 3602 καὶ
961 3548 1100 3612 ἁπλῶς-
1116 3549 1229 3617 ἀνθρω-
