2790 4214
224 289 266 352 26
438 277 440 283 ’
607 287 714 340 LIBER
732 286 853 340 ALTER

131 463 211 518 XYS
225 477 292 518 των
314 451 369 518 καὶ
392 451 553 537 μηδέποτε
577 448 788 534 λειπομένων.
825 447 880 514 καὶ
903 459 990 534 τρεῖς
1013 459 1141 534 πρῶται
1159 447 1228 513 κατ’

219 557 341 644 Ὀρφέα
364 558 602 643 ἐξεβλάστησαν
625 554 723 642 άρχαὸ
751 564 808 640 τής
830 555 1002 640 γενέσεως,
1030 552 1090 633 νὺξ
1113 553 1168 619 καὶ
1192 565 1233 639 μή

223 664 278 731 καὶ
302 665 458 751 οὐρανός,
485 671 577 731 θεῶν
600 660 637 728 δὲ
659 675 726 728 τῶν
750 662 786 728 ε’ν
808 661 935 746 γενέσει
957 666 1033 748 τρία
1055 661 1150 746 γένη,
1179 663 1235 727 ού-

224 773 342 858 ράνιον
364 768 419 836 καὶ
443 770 590 854 ἐπίγειον
617 768 672 835 καὶ
699 771 737 834 τὸ
765 767 884 854 μεταξὺ
912 771 1048 836 τούτων.
1093 773 1169 855 τρία
1196 766 1234 834 δὲ

197 877 278 943 ικαὶ
301 887 359 962 τῆς
381 885 488 961 ψυχῆς
510 878 551 941 τά
573 877 769 961 κυριώτατα,
793 877 929 959 λογικὸν
950 876 1098 959 θυμικὸν
1116 874 1234 940 ἐπιθα-

223 987 370 1070 μητικόν.
415 987 490 1069 τρία
514 979 551 1047 δὸ
578 980 634 1047 καὶ
661 992 724 1049 νοῦ
752 984 823 1066 εῖδη
842 981 1068 1067 Ἀριστοτέλης
1095 983 1234 1067 παραδί-

224 1093 316 1175 δωσι,
340 1091 399 1156 τὸν
421 1091 550 1174 ὑλικόν,
573 1091 633 1154 τὸν
656 1087 732 1154 καθ’
755 1088 835 1173 ἕξιν,
857 1090 917 1154 τὸν
939 1089 1108 1175 θύραθεν·
1132 1088 1165 1167 ἐξ
1187 1084 1234 1154 ὧν

154 1210 211 1263 XY
223 1197 279 1264 καὶ
305 1208 393 1283 τρεῖς
422 1197 523 1280 ἰδέαι,
556 1197 657 1282 φύσις
684 1198 829 1281 μάθησις
857 1198 1000 1280 άσκησις.
1050 1193 1105 1260 καὶ
1133 1196 1234 1279 αὐτῆς

224 1301 261 1369 δὲ
279 1313 337 1388 τής
355 1305 462 1368 πάντα
479 1305 638 1387 κινούσης
656 1313 815 1388 μουσικῆς
838 1304 919 1367 κατά
938 1304 997 1368 τὸν
1018 1306 1234 1388 Θεόφραστον

185 1438 212 1477 10
225 1408 321 1494 τομαὶ
352 1421 455 1495 τρεῖς,
487 1412 574 1495 λύπη
606 1410 711 1493 ἡδονή
745 1408 996 1493 ἐνθουσιασμός.
1056 1409 1140 1475 άλλά
1168 1410 1247 1493 μήν-

222 1515 277 1582 καὶ
302 1519 450 1602 σώματος
472 1528 561 1603 τρεῖς
589 1519 623 1582 αλ
650 1520 806 1600 κινήσεις,
829 1517 917 1601 φορά
940 1518 1041 1600 νόμος
1063 1518 1233 1601 πρόβασις.

223 1635 311 1709 τρεῖς
335 1620 372 1688 δὲ
389 1623 444 1689 καὶ
463 1635 616 1710 σφαιρῶν
634 1626 668 1689 αῖ
688 1623 875 1706 συστάσεις,
898 1621 1036 1707 κέντρον
1055 1623 1234 1707 διάμετρον

223 1728 407 1815 περιφερές.
453 1741 541 1815 τρεῖς
564 1727 601 1794 δὸ
631 1727 686 1794 καὶ
708 1731 855 1813 κινήσεις
876 1739 944 1793 τῶν
966 1727 1129 1814 ἀστέρων,
1153 1750 1234 1814 προ-

223 1838 384 1920 ποδισμὸς
406 1837 634 1921 ύποποδισμὸς
655 1836 853 1921 άκρωννχία.
898 1847 986 1921 τρεῖς
1014 1832 1050 1900 δὸ
1075 1837 1234 1920 σωμάτων

184 1967 210 2007 ιι
224 1945 397 2028 διαφοραί·
429 1945 468 2007 τὸ
491 1939 553 2027 μὸν
576 1943 639 2028 γάρ
663 1942 753 2007 ἐστιν
778 1941 892 2025 ύλικά,
924 1943 964 2006 τά
993 1937 1030 2006 δὸ
1057 1940 1165 2027 ἀέρια,
1193 1945 1233 2008 τά

224 2047 261 2115 δὸ
285 2050 437 2135 ἐμπόρια,
460 2051 505 2126 ὡς
529 2049 546 2115 ὁ
570 2051 736 2125 Χαλδαῖος
758 2050 975 2134 παραδίδωσι.
1020 2052 1097 2134 τρία
1120 2045 1157 2114 δὸ
1179 2047 1233 2114 καὶ

138 2180 142 2190 ’
224 2157 364 2223 ἑκάστου
399 2157 561 2240 κινήματα
597 2158 778 2240 σχήματος,
818 2157 941 2232 πλάτος
979 2155 1086 2239 βάθος
1123 2164 1233 2240 μῆκος.

223 2275 312 2350 τρεῖς
335 2260 372 2328 δὸ
394 2261 449 2328 καὶ
472 2264 505 2330 ολ
527 2264 564 2328 τὸ
589 2263 750 2350 ζῳδιακὸν
772 2264 895 2338 πλάτος
920 2261 1084 2347 ὁρίζοντες
1106 2263 1233 2346 κύκλοι,

223 2372 359 2456 θερινὸς
377 2373 542 2456 τροπικός,
557 2371 742 2455 χειμερινὸς
754 2371 919 2454 τροπικός,
935 2370 1131 2453 ἰσημερινός.
1159 2373 1235 2453 τρία

185 2504 211 2544 20
225 2475 262 2541 δὲ
284 2475 339 2542 καὶ
367 2479 406 2542 τά
433 2477 591 2562 ύπέργεια
618 2476 752 2561 κέντρα,
780 2475 924 2558 άνατολή
951 2475 1047 2552 δύσις
1073 2476 1234 2561 μεσουρά-

294 2622 355 2669 v.2
380 2616 451 2670 Abel
474 2617 584 2686 Fragm.
609 2615 731 2686 Orphica
755 2621 805 2668 145
914 2621 930 2668 6
953 2613 1119 2669 Aristoteles
1142 2615 1176 2668 cf.
1195 2614 1235 2667 Rr

223 2707 250 2758 p.
266 2692 317 2740 303
326 2701 385 2755 sqq.
409 2686 487 2740 Diels
501 2686 682 2757 Doxographi
696 2705 736 2756 gr.
748 2686 841 2738 392113
914 2691 929 2737 9
943 2685 1131 2756 fragmentum
1145 2685 1234 2739 Theo·

222 2757 333 2829 phrasti
366 2757 541 2811 referendum
580 2758 617 2810 ad
649 2756 808 2827 deperditos
841 2755 900 2810 eius
932 2756 1019 2811 libros
1052 2757 1086 2810 de
1118 2756 1233 2810 musica.

227 2837 259 2884 16
279 2829 312 2884 of.
332 2828 412 2882 Kroll
431 2828 476 2882 Or.
497 2828 593 2882 chald.
613 2847 639 2897 p.
661 2834 693 2881 31

294 2973 320 3008 v.
332 2960 346 3006 1
359 2950 401 3007 ὅτι
410 2958 543 3020 τρεῖς-8
554 2951 695 3021 άσκησιςθ
751 2958 766 3004 2
781 2959 829 3020 τῆς
839 2949 967 3021 γενέσεως
977 2951 1078 3006 desunt
1086 2953 1117 3005 X
1125 2952 1163 3024 Y!
1172 2953 1234 3024 νὸξ]

224 3025 332 3088 νοῦςδ
389 3024 466 3096 δέν]
481 3024 563 3079 ἐπῖιὸ1
619 3021 773 3093 4έπίηειον
787 3024 819 3076 Χ
826 3024 860 3092 Y,
879 3024 927 3078 καῖ
941 3020 1104 3093 ἐπίηειονὸ
1156 3025 1235 3078 ὁκαὶ

224 3096 302 3152 omiS.
322 3096 354 3165 S,
378 3097 426 3150 καλ
444 3103 493 3165 τῆς
511 3095 589 3149 omis,
610 3096 642 3163 Y,
667 3095 715 3149 καὶ
732 3097 832 3163 postea
850 3094 914 3148 add.
931 3095 956 3148 θ’
977 3096 981 3164 l
1002 3095 1050 3149 καὶ
1069 3093 1234 3164 ἐπιθυμητι-

224 3168 317 3223 κὸνό
386 3164 613 3235 6παραδλδωσιν
626 3167 654 3220 Β
726 3165 810 3220 ῖτὸν
828 3165 924 3220 ὑλικὸν
941 3165 991 3219 τὸν
1005 3165 1103 3220 -τὸν
1121 3166 1184 3234 XS,
1203 3165 1234 3220 τὸ

224 3271 258 3280 -
272 3240 304 3293 τὸ
318 3239 398 3292 -τὸ
422 3238 474 3311 ΥΙ
499 3233 538 3292 ὦν
561 3236 639 3292 omis,
663 3238 692 3291 D
782 3237 900 3306 8φύσις
917 3235 1031 3304 ἄσκησις
1054 3235 1168 3306 άσκησις
1191 3238 1234 3305 M,

225 3311 308 3378 φύσις
326 3310 441 3379 άσκησις
453 3308 577 3378 μάθησις
595 3326 664 3363 corr.
679 3310 717 3362 Μ
719 3308 768 3363 2F
844 3315 859 3360 9
878 3315 927 3377 τῆς
940 3306 1019 3361 omis.
1034 3308 1063 3361 D
1081 3310 1084 3376 Ι
1100 3309 1237 3378 κιρνόοης

225 3382 257 3436 Χ
341 3387 374 3435 10
393 3382 459 3453 μὴν]
479 3379 572 3449 μὸνΙ)
654 3386 687 3433 13
706 3381 754 3434 καὶ
772 3378 881 3433 omisJ)
972 3384 1005 3431 13
1025 3396 1065 3447 sq.
1084 3379 1237 3447 προδισμὸς

224 3451 418 3521 ύποδισμόςΒ
487 3459 520 3506 14
534 3449 671 3521 όικοννχία
683 3452 720 3521 D,
735 3451 783 3506 καὶ
797 3446 957 3520 άκρωννχλα
971 3450 1003 3503 F
1068 3456 1100 3503 16
1114 3447 1236 3517 παραδέ-

225 3527 310 3577 δωσιν
333 3525 361 3577 Β
451 3530 483 3578 17
507 3522 657 3591 κινήματος
680 3521 817 3593 σχήματος
839 3522 977 3588 XODE,
1008 3520 1147 3589 κινήματα
1171 3519 1235 3590 σχή-

187 3647 188 3652 ,
226 3613 311 3664 ματος
337 3594 441 3648 FGM
468 3597 472 3666 Ι
502 3603 588 3664 μῆκος
615 3593 706 3664 βάθος
733 3595 764 3646 Χ
866 3599 899 3645 19
925 3591 1078 3662 χειμερινὸς
1104 3589 1236 3660 τροπικός

225 3665 303 3720 οαιίε.
319 3665 351 3716 Χ
435 3670 469 3719 20
489 3665 703 3735 μεσονράνισμα,
723 3681 790 3718 corr.
806 3683 876 3733 -ημα
895 3665 931 3731 Ε,
951 3661 1156 3732 μεσοοράνισμα
1170 3664 1200 3716 D
