2760 4234
264 285 327 350 104
520 285 628 339 LIBER
646 284 821 350 QUARTUS.
847 285 1008 341 MARTIUS

184 462 247 516 Par.
263 451 406 532 βόντων,
442 448 651 533 Φιλάδελφος
683 447 941 533 έπικεκλημένος.
992 449 1112 532 ταύτης
1144 446 1181 514 δὲ
1212 459 1272 534 της

258 553 411 640 Ἑβραίοις
438 555 609 639 Σιβύλλης
635 557 740 643 βίβλῳ
768 554 924 639 ἐνέτυχον
951 554 987 620 έν
1014 556 1156 642 Κύπρῳ,
1184 556 1221 621 έν
1247 547 1270 643 ᾗ

261 662 368 726 πολλὰ
381 659 436 725 καὶ
449 671 517 726 τῶν
530 659 754 746 <ἑλληνικῦν>
767 662 1023 748 προφητεύσασα
1039 663 1270 746 όιαλαμβόνει·

261 765 316 831 καὶ
339 766 453 851 μέντοι
475 765 530 832 καὶ
547 765 624 853 περὶ
638 767 791 853 Ὁμήρου,
815 768 866 833 ὅτι
884 767 1059 852 ἀναστήσει
1078 768 1095 834 ὁ
1113 770 1194 844 θεὸς
1212 770 1269 834 ἄν·

236 876 403 958 εθρωπόν
425 898 500 939 τινα
522 876 641 958 σοφόν,
665 873 701 950 ὃς
723 875 782 939 τὸν
804 885 871 939 τῶν
891 874 1011 960 ἡρώων
1028 877 1174 958 πόλεμον
1191 873 1269 940 όντ-

260 981 422 1064 γρόψεται
434 979 490 1045 καὶ
508 983 587 1057 τοὺς
604 981 857 1063 γενναιοτάτους
875 981 1003 1046 τούτων
1018 981 1170 1065 ὑμνήσει·
1188 1002 1269 1066 προ-

261 1085 349 1169 λέγει
372 1083 410 1151 δὲ
432 1085 487 1152 καὶ
509 1085 585 1173 περὶ
604 1091 750 1172 Χριστοῦ
772 1085 827 1152 καὶ
849 1098 917 1152 τῶν
938 1089 1019 1171 μετὰ
1040 1088 1102 1170 τήν
1122 1091 1269 1172 Χριστοῦ

260 1197 448 1278 παρουσίαν
484 1192 725 1278 γεγενημένων·
762 1191 816 1258 καὶ
853 1192 966 1277 μέντοι
1000 1192 1056 1258 καὶ
1092 1192 1168 1280 περὶ
1201 1205 1268 1258 τῶν

260 1299 492 1384 γενησομένων
515 1300 576 1376 ἕως
598 1309 655 1384 τῆς
678 1303 878 1382 συντελείας,
901 1298 938 1365 έν
961 1291 1011 1376 οἷς
1033 1298 1087 1364 καὶ
1105 1298 1181 1385 περὶ
1199 1299 1270 1363 Κύ-

221 1433 248 1471 10
261 1428 349 1493 πρου
372 1405 426 1472 καὶ
445 1406 645 1491 Ἀντιοχείας
666 1407 863 1490 παλίμφημοί
885 1430 960 1471 τινα
977 1406 1189 1492 προφητεύει,
1210 1414 1272 1489 τῆς

260 1509 322 1597 μὲν
344 1514 389 1590 ὡς
410 1513 541 1602 πολέμῳ
564 1512 768 1598 πεσουμένης
790 1511 845 1577 καὶ
863 1510 971 1596 μηκέτ’
994 1511 1271 1597 ἀναστησομένης,

260 1629 318 1704 τῆς
340 1616 378 1684 δέ
400 1623 505 1702 νήσου
526 1620 735 1704 ύποβρυχίου
757 1616 990 1702 γενησομένης·
1014 1617 1095 1702 φησὶ
1117 1620 1195 1704 γοίρ·

310 1729 449 1810 Τλήμων
466 1724 659 1809 Ἀντιόχεια,
682 1720 719 1788 σὲ
742 1720 780 1788 δέ
801 1726 921 1789 πτόλιν
944 1722 1055 1790 οὔποτ’
1079 1723 1224 1809 ἐροῦσιν,

305 1827 378 1896 εὖτε
400 1831 670 1917 κακοφροσύνησι
693 1841 780 1906 τεαῖς
802 1828 878 1915 περὶ
902 1831 1042 1915 δούρασι
1064 1835 1204 1913 πίπτεις,

221 1935 315 2002 τεκαὶ
339 1935 411 2020 ἑξῆς

305 2045 343 2108 αἲ
363 2045 400 2108 αἲ
420 2044 537 2130 Χύπρε
559 2044 707 2127 τάλαινα,
731 2039 766 2108 σέ
790 2043 827 2108 δέ
849 2042 932 2127 μέγα
954 2053 1041 2128 κῦμα
1063 2044 1204 2122 καλύψει

304 2151 405 2234 ήμασι
428 2153 632 2236 χειμερίῃσιν
654 2148 832 2236 ὀρινομένη
855 2173 890 2214 τε
912 2151 1073 2216 θάλασσα.

260 2256 423 2343 προέλαβε
446 2252 483 2321 δέ
509 2256 570 2338 τήν
592 2264 652 2321 τοῦ
676 2259 822 2341 Χριστοῦ
850 2259 1037 2341 παρουσίαν
1059 2254 1141 2339 αὕτη
1164 2255 1185 2338 η
1209 2260 1269 2320 Σί-

260 2367 367 2447 βυλλα
394 2365 449 2446 έτη
478 2364 638 2446 δισχίλια,
667 2357 707 2444 ής
737 2361 805 2427 έστι
832 2361 888 2427 καὶ
915 2371 1013 2427 τοῦτο
1040 2363 1076 2426 τὸ
1105 2364 1183 2438 ἔπος
1210 2363 1270 2427 τὸν

221 2496 247 2535 εο
260 2474 371 2554 τίμιον
394 2470 539 2555 σταυρὸν
560 2469 769 2555 προμηνῦον·

306 2573 331 2642 ὦ
355 2575 457 2653 ξύλον
480 2571 505 2640 ὦ
528 2578 740 2666 μακαριστόν,
762 2573 820 2658 ὑφ’
844 2569 885 2638 οὗ
908 2575 988 2650 θεὸς
1011 2573 1220 2658 ἐξετανύσθη.

155 2692 204 2748 XS
214 2693 277 2746 Ροο.
293 2682 344 2747 ὅτι
357 2680 510 2766 τέταρτος
524 2681 587 2746 ἀπὸ
601 2680 725 2764 Ῥώμου
743 2689 803 2745 τοῦ
818 2682 964 2744 οἰκιστοῦ
983 2683 1137 2763 βασιλεὺς
1151 2680 1188 2746 έν
1201 2691 1327 2749 RrIV34

257 2786 361 2873 Ῥώμη
384 2786 499 2870 γέγονε
527 2788 710 2872 Ταρκύνιος
732 2789 893 2870 Πρίσκος·
916 2787 1001 2868 γυνή
1025 2785 1065 2850 δέ
1085 2811 1135 2863 τις
1153 2785 1270 2871 Ἀμύλ-

259 2901 338 2958 θεια
357 2889 442 2977 ήλθε
459 2895 541 2980 πρὸς
561 2893 662 2958 αὐτὸν
680 2891 898 2978 ἐπιφερομένη
916 2902 1004 2977 τρεῖς
1022 2896 1169 2976 βίβλους,
1192 2918 1271 2979 χρη-

331 3051 355 3087 v.
372 3039 453 3100 13sq.
474 3037 554 3100 lsssq.
581 3032 615 3085 cf.
642 3031 762 3085 Oraoula
789 3029 928 3100 sibyllina
953 3031 996 3084 ed.
1020 3031 1113 3085 Rzaoh
1136 3032 1182 3102 IV,
1208 3039 1269 3088 140.

262 3111 321 3159 141.
338 3110 396 3159 143.
413 3110 471 3158 144.
490 3103 562 3171 ΧῙΠ,
579 3107 705 3157 125.126
778 3108 810 3155 21
831 3101 876 3156 Or.
892 3100 1056 3170 Sib.V1‚26

331 3247 355 3283 v.
370 3234 386 3280 λ
405 3225 502 3299 βίβλον
516 3228 593 3294 Patr„
610 3243 678 3280 corr.
694 3225 745 3280 Gu.
760 3225 839 3280 Kroll
906 3231 921 3278 3
937 3224 1084 3295 έλληνικῶν
1099 3227 1226 3298 supplevi
1238 3228 1270 3282 in

260 3300 363 3354 lacuna
382 3301 445 3353 οολο
463 3297 521 3351 fere
543 3295 702 3350 litterarum
721 3298 788 3351 Par.
862 3303 894 3351 13
912 3299 1014 3366 τλῆμον
1033 3299 1100 3352 Ρον.
1173 3305 1207 3352 20
1226 3297 1270 3354 ότι

179 3429 181 3438 ,
261 3371 349 3441 (omis.
365 3371 405 3440 X)
424 3365 470 3423 έπλ
488 3365 638 3435 ταρκυνίου
656 3366 773 3436 πρίσκου
789 3376 838 3422 τοῦ
853 3365 937 3438 ῥηγὸς
951 3366 1077 3437 ἆμαλιῦία
1091 3367 1213 3438 τούνομοί
1227 3389 1271 3432 τις

261 3444 312 3508 (τις
330 3440 452 3509 τούνομα
471 3439 505 3509 S)
524 3438 593 3509 γυνὴ
612 3433 680 3505 ἡκεν
698 3440 735 3501 ὡς
754 3436 839 3494 αῦτόν
855 3471 886 3480 -
901 3457 927 3508 p.
944 3444 1003 3508 105,
1019 3445 1051 3492 12
1071 3440 1199 3509 φυλακὴν
1214 3442 1274 3496 XS

262 3517 296 3563 24
314 3513 429 3582 χρησμοὶ
448 3509 479 3565 δὲ
498 3510 624 3581 σιβύλλης
641 3518 690 3578 τῆς
708 3508 828 3580 κυμαίας
849 3505 1010 3579 ἐτύγχανον,
1030 3506 1151 3579 ἐπεζήτει
1171 3509 1201 3566 δὲ
1219 3513 1271 3566 τὸν

261 3581 343 3650 (κατὰ
362 3583 486 3707 addSX)
504 3579 617 3652 βασιλέα
635 3581 723 3650 (omis.
744 3583 788 3651 X)
806 3579 956 3648 τριάκοντα
975 3581 1089 3644 τούτους
1106 3581 1271 3637 ἀποδόσθαι

260 3661 369 3722 χρυσῶν
387 3654 418 3706 Χ
