2790 4214
544 285 652 342 ιωιιιι
669 285 805 342 Ρωιιυε
1057 367 1058 370 Ν
1161 286 1181 351 9

172 460 242 526 τοῖς
265 445 437 544 ἀριθμοῖς,
465 452 559 535 τρίτα
581 451 621 516 τδι
650 449 839 533 συνεκτικά,
865 448 1003 536 τέταρτα
1029 451 1069 514 τά
1096 454 1221 514 τελε·Χ

172 558 327 642 σιουργά,
359 554 488 640 πέμπτα
516 557 558 621 τά
589 556 783 641 διαιρετικά,
816 554 892 622 ἕκτα
921 558 961 622 τά
991 556 1181 639 ζωογονικά,

171 661 297 748 ἕβδομα
319 664 359 728 τά
383 663 613 749 δημιουργικά,
636 663 740 745 όγδοα
762 664 802 728 τά
825 663 1107 748 ἀφομοιωματικά,
1129 664 1182 727 ἐν·

169 792 253 834 νατα
282 770 322 835 τά
351 768 515 851 ἀπόλυτα,
547 766 666 834 δίκαια
695 771 735 835 τά
763 768 928 854 ε’γκόσμια.
979 768 1092 854 ὀρθῶς
1119 763 1182 834 οὖν

170 875 302 959 αὐτηνδ
315 877 480 952 Φιλόλαος
493 876 615 941 δεκάδα
629 878 908 961 προσηγόρευσεν,
922 877 966 952 όις
980 869 1287 960 δεκτικηνΧΟεόιοο.

169 991 229 1048 τοῦ
252 982 406 1068 ἀπείρου,
428 980 569 1068 Ὀρφεὺς
592 979 629 1047 δδ
651 983 854 1066 κλαδοῦχον,
882 981 914 1061 ἐξ
936 977 977 1066 ης
999 981 1076 1050 ίισελ
1103 984 1180 1049 κλά-
1207 1005 1219 1044 ο

171 1090 225 1154 δοι
249 1085 338 1166 τινδς
360 1089 480 1165 πάντες
503 1090 535 1154 οἱ
558 1086 698 1174 ἀριθμοὶ
722 1089 873 1173 φύονται.

114 1207 185 1274 1111,
196 1212 230 1262 16
300 1196 350 1260 16.
373 1193 549 1280 Διέμεινεν
575 1194 640 1260 ἀπὸ
663 1197 801 1281 Κρόνου
823 1193 884 1272 ἕως
907 1198 1042 1270 κτίσεως
1060 1193 1182 1278 Ῥώμης
1195 1204 1221 1258 X

169 1304 251 1368 κατά
277 1302 338 1367 τὸν
366 1301 402 1367 ἐν
425 1305 557 1387 Σελήνη
581 1302 709 1387 δρόμον
732 1299 1007 1386 παραφυλαχθεὶς
1031 1299 1048 1365 ὁ
1072 1299 1181 1366 ἐνιαυ-

168 1412 236 1493 τός,
261 1406 314 1474 ἐπὶ
333 1404 370 1473 δὲ
384 1407 552 1492 Ῥωμύλου
570 1407 722 1493 ὁρίζεται,
740 1408 785 1483 ὡς
805 1405 961 1490 ἐλέγομεν
979 1409 1180 1491 ἔμπροσθεν,
1194 1429 1222 1469 ιο

171 1517 413 1600 δεκαμηνιαίος,
432 1525 500 1580 τῶν
517 1510 579 1599 μὲν
596 1509 680 1600 ὑπὲρ
700 1513 877 1600 τριακάδος
895 1511 1018 1598 ἡμέρας
1035 1515 1182 1596 πλείους,

171 1617 294 1687 τῶνδὲ
313 1620 488 1698 ἐλάττονας
506 1622 676 1705 λαχόντων
693 1631 820 1705 μηνῶν·
844 1620 936 1686 οὔπω
959 1620 1022 1704 γάρ
1041 1617 1106 1684 ἀπὸ
1125 1627 1182 1702 τῆς

168 1728 286 1795 Ἡλίου
308 1731 468 1812 κινήσεως
492 1727 740 1812 ἐφυσιολογεῑτο
768 1726 882 1803 αὐτοῖς
908 1727 945 1790 τὸ
973 1735 1033 1792 τοῦ
1056 1729 1181 1812 χρόνου

173 1835 344 1919 διάστημα.

134 1958 168 2007 16
238 1941 287 2006 17.
311 1940 346 2004 Ὁ
370 1943 557 2025 Πομπίλιος
584 1943 735 2025 Νουμᾶς,
759 1937 809 2025 ἐφ’
832 1935 874 2006 οὗ
898 1942 1105 2024 Πυθαγόρας
1127 1935 1179 2023 ἦν,
1199 1951 1262 2009 XY

171 2049 369 2114 δυοκαίδεκα
402 2045 481 2133 μησὶ
517 2048 577 2116 τὸν
608 2046 763 2114 ἐνιαυτὸν
794 2046 1013 2133 ἀριθμεῖσθαι
1045 2047 1180 2132 διιόρισε
1194 2066 1220 2106 ιο

169 2157 251 2221 κατά
272 2155 333 2220 τὸν
352 2153 388 2220 ἐν
406 2155 543 2242 Φαίδρῳ
559 2154 754 2239 Σωκράτην,
777 2154 814 2230 ὅς
832 2171 913 2238 φησι
931 2153 991 2230 τὰς
1008 2163 1075 2218 τῶν
1093 2153 1181 2219 ὅλων

169 2259 276 2339 τάξεις
298 2270 337 2346 τῇ
366 2261 529 2326 δωδεκάδι
556 2266 806 2346 περιειλῆφθαι·
836 2257 889 2325 ἐπὶ
916 2259 953 2325 τὸ
981 2268 1048 2324 πᾶν
1074 2259 1180 2344 γάρὸ

169 2368 250 2443 θεὸς
264 2374 310 2454 τῷ
324 2365 458 2454 ἀριθμῷ
472 2367 578 2454 τοότφ
595 2369 816 2451 κατεχρήσατο
830 2367 1070 2450 διαζωγραφῶν
1088 2365 1181 2449 αὐτό,

170 2474 215 2550 ὥς
237 2490 341 2558 φησιν
364 2472 382 2538 δ
406 2473 557 2538 Πλάτων.
599 2474 724 2538 οίκείον
746 2473 811 2558 γάρ
833 2473 870 2537 τὸ
894 2480 1001 2555 σχῆμα
1023 2480 1121 2537 τοῦτο
1140 2481 1179 2558 τῇ
1194 2489 1221 2530 2⁰

169 2588 229 2646 τοῦ
247 2580 371 2656 παντὸς
390 2578 475 2666 ἰδίᾳ·
497 2576 553 2644 καί
570 2579 636 2664 γάρ
652 2580 821 2661 κυκλικόν,
843 2575 913 2644 ἐπεὶ
931 2575 986 2644 καὶ
1003 2581 1180 2662 θαυμαστή

240 2789 265 2825 v.
281 2776 296 2824 ό
313 2768 457 2843 Φιλόλαος]
473 2770 507 2825 cf.
517 2769 643 2824 Mullach
657 2769 756 2824 FPhG
770 2769 803 2839 Π,
817 2787 844 2840 p.
855 2776 872 2823 4
885 2769 918 2824 fr.
935 2774 968 2823 13
1023 2767 1179 2843 θὈρφευς]

168 2841 336 2983 ἓοὲχίέςω.
352 2841 436 2912 Orph.
453 2846 502 2895 151
576 2847 609 2896 1⁷
625 2841 658 2895 cf.
672 2840 799 2896 Platonis
817 2841 935 2896 Phaedr.
954 2858 982 2911 p.
997 2842 1081 2896 24⁷1&
1108 2841 1180 2896 Tim.

240 3109 264 3146 v.
280 3096 295 3144 2
314 3089 486 3159 διαιρεκτιιιά
505 3090 533 3144 A
613 3095 629 3143 5
649 3087 691 3144 ὅτι
705 3089 722 3159 η
737 3087 822 3152 δεκὰς
839 3087 923 3160 δεχδις
944 3088 1180 3159 προσαγορεύεται

169 3163 206 3224 ὡς
224 3161 335 3230 δεκτικὴ
355 3169 404 3215 τοῦ
423 3158 556 3230 ἀπείρου,
578 3160 597 3230 ἡ
616 3160 686 3230 αὐτὴ
705 3162 753 3216 καί
770 3162 875 3216 κλαδοῦ
894 3180 937 3229 ος,
957 3158 1029 3216 διότι
1047 3159 1076 3224 ἐξ
1094 3159 1181 3229 αὐτῆς

168 3233 196 3287 ολ
214 3232 333 3302 ἀριθμοὶ
351 3230 454 3294 πάντες
471 3232 509 3294 ὡς
525 3229 624 3286 κλάδοι
641 3229 716 3294 τινὲς
733 3232 854 3300 φόονται
869 3181 969 3303 (ἔθυες.
984 3231 1097 3286 Cedren.
1112 3229 1178 3286 hist.

169 3320 257 3373 comp.
280 3322 308 3373 p.
332 3308 410 3371 2927
438 3303 526 3357 Bonn.
616 3309 632 3358 6
659 3305 823 3373 κλειδοῦχον
840 3304 868 3356 Β
959 3308 992 3356 10
1018 3299 1133 3372 λέγομεν
1150 3303 1178 3356 A

170 3381 201 3429 11
221 3373 363 3444 τριετάτης
377 3375 409 3428 Χ
424 3373 576 3442 τριακάδος
590 3373 642 3428 Sela
658 3375 661 3444 λ
677 3371 790 3436 πλείους
807 3374 860 3444 Rr]
879 3376 969 3429 πολλῶ
983 3373 1010 3428 Α
1028 3374 1136 3428 πολλῶν
1150 3374 1178 3428 Β

167 3443 298 3508 πλείονας
316 3444 445 3500 Nokkius
505 3450 537 3499 15
557 3442 753 3514 δπομπίλινος
767 3442 933 3515 (πομπίλιος,
948 3462 974 3498 ιο
989 3442 1019 3496 in
1032 3459 1086 3496 ras.
1102 3444 1139 3513 G)
1153 3445 1183 3498 Y

168 3516 309 3586 ποιαιήϊος
340 3517 372 3570 Χ
395 3516 399 3587 λ
425 3513 471 3584 ἐφ’
488 3508 613 3584 οὖ-ἦν
631 3515 710 3570 omis.
730 3517 761 3570 X
846 3521 878 3568 17
897 3513 1179 3585 κατὰ-Σωκράτην

168 3587 246 3642 omis,
267 3589 299 3642 X
317 3591 321 3657 Ι
342 3585 379 3650 ίός
396 3604 465 3656 φησι
478 3587 506 3640 A
524 3586 561 3649 ὥς
580 3603 650 3656 φασι
668 3587 696 3641 Β
787 3591 819 3639 18
838 3594 871 3655 τῆ
893 3584 1037 3656 δωδεκάτη
1056 3587 1084 3641 Β
1100 3589 1104 3658 Ι
1120 3585 1178 3659 ἐπὶ]

168 3657 229 3713 ἐπεί
252 3660 283 3713 Χ
307 3662 311 3728 Ι
336 3657 389 3728 γάρ
409 3655 487 3713 omis.
507 3658 538 3711 X
610 3662 643 3710 19
662 3653 746 3728 αίπό]
765 3653 852 3711 αότόν
870 3657 898 3710 A
916 3657 991 3712 αότῶ
1009 3659 1038 3713 Β
