2790 4214
395 281 504 336 LIBER
523 281 698 346 QUARTUS.
725 283 925 338 IANUARJUS
1124 283 1167 347 75

154 444 320 531 ἀνέφερον
345 446 408 529 τὴν
438 447 679 512 ολωνοσκοπίαν
706 448 739 511 ολ
766 447 885 512 ὕπατοι
913 456 983 522 τοῖς
1005 447 1165 532 αὐτοκρά-
1179 455 1240 510 ΧΗ

154 569 258 637 τορσι,
282 550 323 617 δι’
347 548 386 636 ἡς
400 552 605 637 ἐγινώσκετο,
623 555 769 630 ποταπὸς
787 555 851 639 ἀρα
870 556 959 619 ἔσται
974 554 992 619 ὁ
1008 552 1166 649 ένιριυτός.

154 657 266 741 έπειδὴ
290 659 353 743 γάρ
377 661 409 724 οἱ
432 658 568 744 φυσικοὶ
592 661 653 742 τὴν
675 655 736 743 μέν
753 660 889 745 πρώτην
906 669 964 743 τής
983 658 1166 745 ἑβδομάδος
1180 669 1207 722 H

153 763 278 850 ἡμέραν
308 773 354 854 τῷ
377 765 480 854 Ἡλίῳ
510 767 756 852 ἀναγράφουσι,
786 768 847 850 τὴν
875 763 912 832 δὲ
940 767 1100 852 δευτέραν
1127 776 1166 852 τῇ

153 875 300 958 Σελήνῃ,
330 873 391 956 τὴν
414 869 452 937 δέ
473 876 589 959 τρίτην
601 871 708 958 Ἄρει,
732 874 792 956 τὴν
815 869 853 938 δέ
875 873 1034 960 τετάρτην
1052 872 1165 959 Ἑρμῇ,
1193 898 1206 938 5

151 980 214 1063 τὴν
240 978 390 1064 πέμπτην
418 975 455 1044 δὲ
477 987 523 1068 τῷ
546 983 621 1062 Διί,
649 980 710 1063 τὴν
733 975 770 1043 δὲ
793 977 891 1063 ἕκτην
914 989 952 1066 τή
972 978 1165 1065 Ἀφροδίτη,

151 1087 213 1169 τήν
230 1081 268 1150 δὲ
287 1083 432 1170 ἑβδόμην
449 1093 494 1172 τῷ
513 1087 645 1171 Κρόνῳ,
664 1086 693 1150 εἰ
710 1079 772 1169 μὲν
791 1084 913 1168 συνέβη
932 1083 1164 1171 ἡμέρηἩλίου
1178 1094 1259 1148 XHS

153 1193 357 1278 συνδραμεῖν
393 1193 455 1275 τὴν
491 1190 609 1276 ἑορτήν
645 1201 712 1255 τῶν
743 1192 925 1256 Καλενδῶν
960 1193 1066 1274 ήμουν
1104 1193 1166 1275 τὴν

100 1329 102 1334 ’
152 1301 288 1384 πρώτην
310 1309 371 1363 τοῦ
389 1297 614 1383 Ἰανουαρίου,
636 1295 799 1380 πολέμους
821 1295 876 1361 καλ
900 1296 1070 1382 ἀρχόντων
1094 1298 1165 1361 δια-

152 1407 259 1490 φοράς
290 1401 346 1468 καὶ
377 1415 445 1468 τῶν
475 1403 632 1486 ὑπηκόων
664 1399 707 1466 δι’
740 1401 862 1477 αὐτοὺς
895 1402 1063 1486 διχονοίας
1091 1400 1205 1467 ἀυέ-ιο

151 1534 268 1595 μενον,
297 1511 375 1585 τοὺς
398 1505 435 1574 δέ
463 1508 583 1594 ξηροὺς
609 1509 756 1593 καρποὺς
778 1507 953 1592 ἀφθόνους
975 1506 1030 1573 καὶ
1055 1511 1165 1593 φήμας

151 1613 371 1701 παραδόξους·
391 1616 421 1678 εί
435 1610 472 1678 δὲ
486 1615 646 1697 Σελήνης,
665 1621 801 1678 τοιαῦτα
815 1609 876 1697 μὲν
891 1612 1011 1694 οὐκέτι,
1026 1615 1164 1700 φθοράν

151 1717 189 1786 δὲ
211 1724 347 1806 βρεφῶν
366 1719 420 1785 καὶ
444 1722 567 1786 σπάνιν
589 1731 656 1784 τῶν
680 1718 874 1803 ἐπιτηδείων
892 1722 950 1806 ἔαρ
969 1744 1004 1785 τε
1022 1723 1163 1806 ψυχρόν,

152 1830 192 1892 τὰ
211 1825 240 1892 δ’
259 1827 428 1914 ἀκρόδρυα
447 1828 594 1904 δαψιλῶς
612 1826 787 1892 ἐπιδώσειν
802 1825 920 1915 ᾤοντο·
945 1829 974 1891 ελ
992 1825 1022 1891 δ’
1037 1826 1163 1913 Ἄρεος,

152 1933 363 2019 ἐμπρησμοὺς
385 1930 447 2018 μὲν
473 1931 528 1998 καὶ
550 1935 686 2016 νόσους,
715 1938 810 1998 οίνου
834 1929 871 1998 δὲ
893 1932 948 1998 καὶ
972 1933 1085 1999 ἐλαίου
1108 1933 1163 2000 καὶ
1177 1958 1203 1999 15

152 2040 300 2125 ὀσπρίων
314 2038 486 2122 ἀφθονίαν
498 2037 553 2103 καὶ
568 2040 685 2104 στάσιν
696 2038 871 2124 ἐμφύλιον·
887 2040 966 2104 ὅταν
980 2037 1018 2105 δὲ
1027 2038 1164 2126 Ἑρμοῦ,

151 2148 289 2232 φθοράν
318 2143 379 2230 μὲν
408 2149 537 2229 νηπίων
566 2144 621 2210 καὶ
651 2148 773 2222 νόσους
803 2145 838 2210 ἐκ
868 2145 995 2229 ῥύσεως
1021 2148 1163 2232 γαστρὸς

152 2251 208 2318 καὶ
235 2262 306 2328 ταῖς
333 2251 446 2337 μέσαις
475 2251 511 2316 ἐν
538 2251 651 2338 ἡλικίη
674 2250 804 2334 γυναιξὶ
829 2255 966 2336 φθοράν
988 2251 1042 2317 καὶ
1067 2253 1165 2337 λιμὸν

151 2360 352 2425 ἀπευκταῑον
369 2361 528 2424 καθόλου.
566 2357 603 2422 ἐν
621 2354 659 2424 δὲ
672 2367 710 2444 τῇ
725 2360 809 2434 Διὸς
823 2357 928 2444 ἡμέρα
942 2357 1165 2442 ἐμπιπτούσης

150 2475 209 2550 τής
237 2477 304 2530 τῶν
327 2466 509 2530 Καλενδῶν
537 2462 653 2550 ἑορτῆς
679 2465 786 2529 πάντα
813 2461 875 2548 μέν
897 2463 1009 2546 ἀγαθά
1033 2463 1163 2529 ἐδίδοτο
1178 2491 1204 2530 ιο

151 2574 357 2658 προσδοκᾶν,
389 2572 533 2657 χιονώδη
565 2567 601 2635 δὲ
632 2569 687 2636 καὶ
715 2570 842 2654 ὑετώδη
869 2571 929 2635 τὸν
955 2573 1087 2656 καιρόν,
1120 2572 1164 2648 ὡς

150 2784 204 2851 ἐπὶ
227 2782 264 2851 δέ
286 2795 344 2869 τής
362 2782 466 2868 ἕκτης,
489 2785 561 2868 ήτις
574 2782 774 2870 Ἀφροδίτης
792 2779 878 2848 εἶναι
896 2788 1070 2868 νομίζεται,
1094 2795 1164 2860 τοῖς

150 2888 211 2977 μὲν
238 2894 378 2978 ἄρχουσι
404 2893 570 2974 θόρυβον,
599 2901 668 2967 τοῖς
694 2887 731 2956 δὲ
753 2901 892 2975 καρποῖς
915 2889 1081 2973 ἐπίδοσιν,
1108 2888 1164 2954 καὶ

221 3160 276 3206 v.2
296 3153 383 3225 ἔσται]
402 3153 445 3222 είη
460 3154 487 3207 Β
548 3153 679 3222 3έπειδὴ
694 3158 760 3206 -7
779 3151 879 3226 Κρόνῳ
898 3153 1000 3208 desunt
1014 3152 1046 3205 X
1104 3151 1164 3205 ’λεί

150 3223 271 3294 μὲνγὰρ
291 3222 391 3296 συνέβη
411 3226 453 3294 Χ,
478 3222 521 3278 ὅτι
544 3225 568 3278 εί
587 3222 688 3296 συνέβη
711 3221 817 3314 ἡμέραν
839 3222 919 3294 ἡλίου
943 3226 1111 3291 συνδραμεῖν
1129 3229 1163 3291 τῆ

150 3294 232 3365 ἑορτή
251 3298 303 3349 etc.
323 3296 345 3350 S
421 3293 544 3366 Βήηουν
557 3301 623 3348 -9
643 3296 808 3364 ίανουαριου
832 3295 909 3350 omia.
929 3295 987 3350 XS
1066 3298 1081 3345 9
1101 3294 1163 3347 δια-

150 3365 264 3435 φθοράς
278 3367 317 3433 X,
331 3365 472 3436 διαφορὰς
484 3367 544 3421 HS
594 3373 628 3420 10
642 3363 778 3435 ἀνέμενον
793 3362 910 3437 βωμαῖοι
924 3366 947 3421 S
1000 3371 1032 3418 12
1047 3372 1164 3418 τοιαῦτα

151 3437 219 3505 XS,
242 3439 383 3492 ταῦταΗ
451 3443 502 3491 -13
522 3437 570 3506 ἔαρ
594 3436 671 3492 δδδ
760 3443 793 3490 14
812 3436 908 3505 έροντο
925 3436 966 3504 Α,
989 3434 1077 3490 ὤοντο
1097 3435 1163 3504 HS,

151 3507 230 3563 omis.
249 3509 278 3562 B
356 3514 388 3563 16
408 3505 553 3578 ἀφθονίας
570 3509 605 3561 H
680 3513 711 3561 17
731 3505 782 3577 μὲν
801 3506 921 3561 omisa&
997 3512 1029 3560 18
1049 3505 1163 3576 φθορὰς

149 3579 185 3631 Η
272 3586 304 3634 19
324 3579 355 3635 έν
373 3578 416 3651 δὲ]
435 3579 466 3634 ἐν
484 3578 536 3649 γάρ
552 3580 583 3632 Χ
672 3585 706 3632 20
723 3587 772 3648 τῆς
791 3576 1041 3648 οοιίεβΙπάντα
1060 3576 1110 3646 μὲν
1128 3577 1163 3631 τδι

150 3649 285 3720 άηοιθδιδ
355 3657 388 3704 22
408 3648 525 3712 οἰκείαις
542 3651 585 3720 Χ,
609 3647 696 3712 ἰδίαις
713 3650 748 3704 Η
751 3649 791 3718 δὴ
811 3646 918 3712 κοίταις
936 3649 1006 3703 ΧΗ
1028 3649 1165 3720 τόχαιςβ
