2788 4222
537 288 742 345 PRAEFATIO
1030 285 1145 343 XXXIII

129 460 304 522 enumeravi
332 461 432 519 autem
458 459 513 519 hos
542 459 623 518 locos
650 457 833 532 accuratius»,
868 455 1004 532 quamvis
1036 456 1144 517 codicis

131 551 209 609 P-
219 551 248 609 h.
263 569 287 608 c.
302 547 380 625 Lydi
393 579 438 590 -
450 548 565 607 nullam
583 565 693 607 novam
712 547 851 606 afferrent
865 545 1031 622 lectionem,
1052 547 1096 622 ut,
1119 546 1145 606 si

131 640 163 698 in
187 639 225 698 iis
251 637 331 716 apud
352 636 532 697 Salmasium
553 636 718 713 offenderis,
744 639 772 696 st
791 636 847 697 tim
872 635 958 710 scias,
982 635 1060 695 unde
1085 635 1146 694 sint

131 727 228 806 petiti.

201 849 317 912 Codicis
348 850 373 909 P
403 850 479 910 folia
512 851 593 911 103²
607 867 670 926 sqq.
700 866 790 925 porro
821 852 1004 924 occupantur
1039 847 1144 909 disser-

130 940 248 1000 tatione
271 939 345 999 satis
368 939 469 1016 ampla
491 935 558 1019 saepi
580 937 711 1016 οὐρανοῦ
733 934 783 997 καὶ
805 945 874 1017 γῆς,
896 933 997 1017 ἡλίου,
1021 936 1146 1016 σελήνης

132 1027 182 1089 aul
214 1025 343 1108 ἀστέρων
374 1025 425 1088 καὶ
455 1025 564 1108 χρόνον
596 1024 647 1087 καὶ
677 1021 795 1105 ἡμερῶν
830 1023 881 1086 καὶ
912 1034 1016 1106 μηνῶν
1047 1026 1146 1105 ignoti

130 1117 276 1194 auctoris3
298 1117 466 1193 inspectum
488 1119 589 1176 autem
612 1115 650 1175 ab
673 1115 726 1175 illo
745 1114 914 1191 Lydianum
936 1115 972 1174 de
995 1114 1145 1175 mensibus

131 1207 241 1266 librum
259 1223 322 1265 esse
340 1208 463 1281 propter
479 1205 704 1281 inscriptionem
721 1201 789 1282 περὶ
807 1210 911 1281 μηνῶν
928 1203 979 1263 vix
997 1204 1055 1263 erit
1073 1203 1146 1280 quin

130 1295 228 1372 primo
243 1294 385 1371 adspectu
403 1292 539 1354 coniciat.
577 1294 657 1370 quod
674 1295 776 1351 tamen
793 1310 853 1351 uno
868 1292 931 1351 solo
945 1293 1010 1352 loco
1026 1291 1145 1351 demon·

133 1384 223 1444 strari
241 1384 350 1460 potest,
371 1382 445 1443 folio
470 1384 554 1458 109¹,
576 1381 629 1441 ubi
650 1382 778 1460 legimus
800 1381 886 1440 haec:
909 1378 971 1441 dael
994 1375 1026 1440 δὲ
1048 1379 1090 1453 εἰς
1111 1378 1145 1441 τὸ

131 1469 346 1552 ἡμερονύντισν
363 1468 594 1549 κατηντήσαμεν,
613 1467 705 1550 χρεὼν
723 1470 816 1530 εἰπεῖν
833 1466 882 1529 acl
902 1466 982 1542 ducac
997 1476 1083 1529 τοῦτο
1097 1472 1143 1529 λο-

6 1629 20 1638 ,.
132 1561 240 1642 γίζεται
261 1551 332 1639 παρ’
357 1555 489 1630 ἑκάστοις
511 1563 575 1631 τοῖς
597 1555 726 1634 ἔθνεσιν,
749 1551 800 1619 εἶτ’
826 1547 882 1618 οὖν
905 1555 985 1631 ὅπως
1007 1554 1027 1636 ἡ
1050 1552 1146 1636 ἡμέρα

132 1652 283 1728 μετρεῖται.
328 1646 515 1726 Βαβυλώνιοι
539 1643 592 1725 μὲν
615 1637 671 1707 οὖν
693 1651 763 1727 κτλ,
786 1649 817 1706 et
839 1649 979 1707 secuntur
999 1664 1044 1723 ea,
1068 1664 1144 1723 quae

132 1736 273 1796 editionis
291 1756 319 1812 p.
332 1739 383 1813 18,
394 1738 533 1811 12-20,
545 1739 585 1796 12
609 1737 763 1814 leguntur:
786 1736 928 1812 pleraque
947 1736 1026 1795 enim
1039 1735 1145 1795 horum

131 1843 272 1886 uersuum
289 1824 380 1885 verba
402 1843 469 1885 cum
491 1824 613 1902 reliquis
631 1825 775 1902 Lydianis
793 1825 941 1884 codicibus
960 1824 1144 1900 conspirant3

132 1914 185 1974 ubi
207 1931 277 1974 vero
300 1913 435 1990 pleniora
458 1916 542 1990 sunt,
571 1915 636 1990 ipso
666 1914 881 1974 sententiarum
910 1933 988 1972 nexu
1016 1913 1145 1992 genuina

133 2003 188 2062 illa
220 2021 282 2062 csse
315 2003 552 2078 demonstratur,
587 2022 654 2062 cum
689 2004 721 2062 in
752 2002 875 2079 reliquis
908 2001 1023 2079 aliquid
1053 2002 1145 2061 inter·

133 2091 239 2152 cidisse
261 2093 374 2168 pateat.
418 2091 547 2168 protulit
573 2095 674 2151 autem
703 2092 853 2168 quondam
880 2091 914 2150 in
942 2092 1040 2150 lucem
1068 2091 1145 2150 hanc

133 2181 355 2258 paragraphum
374 2179 458 2257 Lydo
476 2180 509 2239 in
528 2180 782 2257 comparationem
799 2181 906 2241 vocato
923 2179 1145 2255 Boissonadius,

133 2270 245 2330 Anecd.
260 2287 356 2347 graec.
369 2268 385 2327 1
400 2289 430 2345 p.
444 2270 510 2329 420
524 2286 597 2346 sqq.‚
619 2287 680 2328 uon
701 2268 760 2327 nisi
782 2269 814 2327 in
836 2267 993 2329 levissimis
1010 2268 1144 2328 minutiis

132 2355 303 2435 discrepans
327 2357 424 2417 abiis
448 2376 524 2434 quae
547 2358 610 2434 ipse
633 2357 706 2416 mihi
729 2356 836 2435 legisse
858 2357 939 2416 usus
962 2375 1036 2416 sum.

200 2500 267 2560 Iam
288 2499 361 2560 folio
386 2499 449 2558 81v
470 2498 573 2558 finitur
601 2498 633 2557 in
662 2498 762 2559 codice
784 2497 809 2556 P
831 2500 1004 2573 conspectus
1031 2498 1147 2558 dierum·

19 2593 27 2602 “
135 2589 258 2666 quidam
280 2587 441 2648 secundum
464 2588 555 2647 lunae
578 2605 698 2646 cursum
725 2587 897 2662 institutus,
925 2605 1013 2662 quem
1036 2588 1145 2664 excipit

52 2723 56 2734 .
136 2680 283 2739 tractatus
307 2677 343 2736 de
366 2676 550 2754 singulorum
578 2676 725 2736 mensium
754 2675 856 2735 diebus
885 2694 1045 2752 eorumque
1068 2695 1145 2737 com-

132 2769 207 2843 puto
227 2766 330 2826 eadem
343 2766 404 2825 fere
423 2766 620 2842 complectens
639 2783 715 2844 quae
734 2768 872 2842 excerpta
889 2765 942 2824 illa
961 2765 1144 2843 reliquorum

135 2855 286 2932 codicum,
322 2853 430 2932 quibus
466 2852 533 2934 περὶ
568 2850 701 2934 βισέξτοα
736 2853 896 2914 inscribere
931 2855 1042 2914 solent:
1092 2855 1145 2931 qui

136 2944 273 3022 quamvis
296 2963 312 3002 e
335 2942 419 3020 Lydo
442 2943 636 3020 depromptus
659 2943 711 3020 sit,
740 2947 842 3003 tamen
871 2945 993 3020 propter
1021 2943 1149 3002 nimiam

134 3032 375 3092 immutationem
405 3031 564 3092 verborum
595 3032 680 3093 nobis
711 3032 780 3092 usui
810 3050 871 3091 non
902 3033 956 3090 est.
1010 3032 1145 3108 sequitur

135 3123 236 3181 autem
259 3119 429 3180 dissertatio
452 3121 598 3196 quaedam
618 3120 655 3180 de
673 3119 819 3181 novilunii
836 3119 927 3197 feriis,
951 3138 1010 3197 qua
1027 3120 1144 3196 integra

134 3213 255 3271 servata
277 3227 339 3269 esse
366 3208 506 3269 videntur
527 3209 681 3269 Laurentii
703 3208 806 3269 verba:
833 3209 948 3269 faciunt
976 3207 1054 3268 enim
1075 3207 1144 3266 inde

136 3300 281 3375 apio,
302 3301 342 3358 11
372 3316 440 3358 cum
466 3298 491 3357 P
517 3297 627 3375 reliqui
655 3317 773 3375 quoque
801 3298 922 3358 codices.
967 3295 1048 3356 felici
1073 3315 1144 3357 vero

135 3405 207 3447 casu
233 3386 354 3464 accidit,
384 3389 420 3446 ut
446 3387 478 3446 in
506 3405 541 3447 ea
568 3405 645 3464 quae
672 3406 750 3447 nunc
777 3405 855 3446 nova
886 3383 1010 3445 accessit
1041 3384 1144 3443 fabula

136 3475 172 3535 de
204 3476 333 3536 murium
363 3475 491 3535 iecinore
523 3494 559 3534 ex
584 3475 732 3535 Archelao
758 3474 855 3552 petita
884 3465 927 3555 (p.
952 3475 1031 3550 52,6
1052 3465 1144 3555 sqq.)‚

134 3565 246 3626 diserto
273 3563 368 3641 ipsius
391 3563 546 3623 Laurentii
574 3564 746 3624 testimonio
774 3563 1040 3639 demonstraretur,
1069 3562 1144 3622 refe·

135 3653 259 3712 rendam
280 3654 366 3713 illam
384 3671 445 3712 esse
469 3652 507 3711 ad
529 3651 638 3711 librum
661 3652 696 3711 de
716 3650 865 3710 mensibus
884 3644 934 3733 (de
949 3654 1004 3712 ost.
1018 3673 1047 3730 p.
1063 3653 1142 3727 16,1

189 3761 271 3802 Ianus
285 3761 319 3801 ed.
333 3761 482 3802 Wuensoh.
971 3768 987 3806 ο
