2790 4214
246 265 309 328 102
502 263 609 318 LIBER
628 261 803 327 QUARTUS,
828 264 989 318 MARTIUS

204 427 281 492 Χτὸ
305 424 333 490 δ’
356 426 450 511 ὕδωρ
472 423 664 511 ὁμοιομερές
690 424 744 491 καλ
773 421 847 491 ἴσον
873 427 934 509 τὴν
959 427 1071 510 φάσιν.
1117 424 1171 492 καλ
1194 449 1250 490 αα-

244 539 311 608 λέις
331 533 436 596 άτουα
458 533 541 617 πρὸς
559 531 671 597 αὐτῶν
688 532 884 616 ὠνόμασται,
907 531 1021 615 ἐπειδὴ
1039 532 1099 614 τὴν
1119 533 1252 614 ἰσότητα

244 641 316 721 ἤτοι
334 637 565 724 δμοιομέρειαν
579 637 642 703 άπὸ
662 647 723 704 τοῦ
741 639 846 704 άκουα
862 640 945 703 κατά
963 639 1165 723 παραγωγὴν
1183 637 1251 704 ἐπι-

243 751 414 811 καλοῦσιν.

166 861 228 918 Par.
311 852 362 916 47.
377 849 735 935 ΊδσίβυλλαῬωμαικη
743 850 829 929 λέξις
838 850 928 916 ἐστὶν
938 848 1304 936 ἑρμηνωιομένηδεεείια

218 966 408 1043 ιπροφῆτις
431 959 537 1040 ἤγουν
565 959 691 1041 μάντις,
721 958 803 1024 ὅθεν
828 956 879 1022 ένλ
901 958 1040 1042 ὀνόματι
1062 959 1096 1022 αἱ
1120 960 1252 1041 θήλειαι

244 1065 399 1148 μάντιδες
413 1064 658 1149 ὠνομάσθησαν
671 1067 849 1148 Σίβυλλαι·
868 1067 1024 1146 γεγόνασι
1037 1060 1074 1128 δὲ
1088 1067 1252 1148 Σίβυλλαι

247 1170 326 1235 δέκα
353 1170 391 1236 ἐν
412 1173 588 1256 διαφόροις
611 1173 725 1246 τόποις
746 1169 801 1235 καὶ
828 1173 969 1255 χρόνοις.
1014 1171 1127 1256 πρώτη
1149 1170 1171 1252 η
1197 1169 1252 1234 καὶ

246 1278 396 1342 Χαλδαία
413 1277 434 1360 η
448 1275 503 1342 καὶ
517 1275 642 1363 Περσὶς
656 1277 675 1360 η
694 1275 749 1341 καλ
767 1279 851 1360 πρός
865 1299 967 1341 τινων
979 1275 1116 1361 Ἑβραία
1134 1276 1253 1360 ὀνομα-

208 1412 236 1451 10
248 1383 375 1468 ζομένη,
402 1379 441 1467 ἧς
463 1386 500 1449 τὸ
523 1384 642 1470 κύριον
665 1385 770 1467 ὄνομα
793 1385 969 1467 Σαμβηθη,
996 1381 1030 1446 έιι
1053 1391 1113 1448 τοῦ
1136 1380 1253 1465 γένους

246 1501 306 1556 τοῦ
329 1492 578 1576 μακαριωτάτου
598 1494 689 1574 Νῶε,
711 1490 732 1573 ἡ
755 1488 830 1576 περὶ
853 1501 920 1555 τῶν
941 1491 1023 1554 κατά
1037 1487 1254 1575 Ἀλέξανδρον
1385 1567 1386 1574 ¹

246 1599 305 1663 τὸν
327 1599 509 1662 Μακεδόνα
533 1596 693 1681 λεγομένη
720 1596 966 1682 προειρηκέναι,
994 1591 1034 1679 ἧς
1056 1597 1253 1680 μνημονεύει

245 1705 404 1789 Νικάνωρ
433 1703 450 1768 ὁ
478 1706 538 1769 τὸν
560 1703 781 1789 Ἀλεξάνδρου
808 1707 885 1788 βίον
913 1705 1101 1789 ἱστορήσας,
1130 1703 1151 1786 ἡ
1178 1702 1253 1788 περὶ

245 1819 305 1875 τοῦ
332 1811 494 1875 δεσπότου
520 1817 604 1875 θεοῦ
634 1814 736 1896 μυρία
763 1813 1014 1897 προθεσπίσασα
1040 1809 1094 1875 καὶ
1117 1819 1174 1894 τῆς
1196 1809 1254 1876 αδ

205 1942 231 1983 15
245 1926 305 1982 τοῦ
328 1919 523 2000 παρουσίας·
551 1915 712 1982 ἀλλὰκαὶ
735 1918 768 1981 αἱ
797 1915 910 1982 λοιπαὶ
934 1915 1139 2003 συνᾴδουσιν
1161 1915 1253 2002 αὐτη,

244 2023 332 2105 πλὴν
355 2024 405 2088 ὅτι
428 2023 548 2106 ταύτης
571 2021 635 2087 ezel
662 2025 776 2106 βιβλία
803 2022 1049 2109 εἰκοσιτέσσαρα
1075 2020 1150 2107 περὶ
1172 2043 1254 2090 παν-

244 2130 301 2206 τὸς
328 2133 451 2206 ἔθνους
477 2127 532 2194 καὶ
560 2131 667 2215 χώρας
694 2129 895 2214 περιέχοντα.
942 2130 992 2195 ὅτι
1021 2126 1058 2194 δὲ
1088 2130 1120 2194 οἱ
1147 2132 1254 2213 στίχοι
1385 2193 1386 2218 ;

245 2236 346 2320 αὐτῆς
369 2236 495 2313 ἀτελεῖς
517 2237 727 2322 εὑρίσκονται
749 2235 804 2302 καλ
823 2239 968 2324 άμετροι,
992 2236 1032 2303 οὐ
1051 2244 1109 2319 της
1126 2237 1254 2321 προφη
1385 2239 1386 2312 ζ

245 2345 337 2419 τιδός
364 2343 455 2409 έστιν
481 2343 501 2428 ἡ
530 2345 618 2409 αἰτία
641 2342 725 2408 άλλά
751 2357 818 2409 τῶν
840 2345 1077 2430 παχυχράφων,
1106 2343 1146 2408 οὐ
1174 2361 1254 2427 συμ

207 2477 234 2515 ιο
247 2451 451 2533 φθασάντων
473 2461 512 2537 τῇ
536 2452 623 2537 ῥύμη
643 2461 710 2514 τῶν
728 2449 916 2534 λεγομένων
933 2450 954 2534 ἢ
972 2448 1028 2515 καὶ
1046 2449 1255 2515 ἀπαιδεύτων

247 2556 435 2640 γενομένων
452 2556 508 2621 καὶ
526 2557 673 2642 ἀπείρων
691 2568 937 2642 γραμματικῶν·
960 2558 1027 2640 ἅμα
1045 2559 1108 2642 γὰρ
1126 2567 1165 2642 τῇ
1185 2556 1253 2621 έπι-

245 2665 346 2747 πνοίηι
369 2660 531 2727 ἐπέπαυτο
556 2662 593 2726 έν
615 2663 697 2746 αὐτῇ
720 2661 826 2744 ἡτῶν
849 2662 1036 2747 λεχθέντων
1056 2664 1176 2748 μνήμη,
1199 2661 1254 2728 καὶ

246 2768 302 2831 διά
325 2777 423 2832 τοῦτο
446 2768 654 2853 εὑρίσκονται
677 2771 783 2851 στίχοι
807 2767 931 2844 ἀτελεῖς
953 2767 1008 2832 καὶ
1026 2769 1160 2836 διάνοια
1179 2771 1255 2834 σκά-

246 2877 356 2958 ζουσα,
387 2880 452 2939 είτε
478 2872 551 2938 κατ’
574 2876 766 2957 οἰκονομίαν
792 2881 877 2940 θεοῦ
904 2884 1002 2940 τοῦτο
1031 2874 1182 2960 γέγονεν,
1209 2877 1254 2953 ὡς

207 3006 233 3047 ιι
247 2981 290 3065 μη
313 2981 530 3063 γινώσκοιπο
552 2980 618 3046 ὑπὸ
640 2991 712 3045 τῶν,
728 2986 863 3046 πολλῶν
885 2979 940 3045 καὶ
960 2980 1105 3060 ἀναξίων
1127 2984 1159 3048 ολ
1177 3007 1254 3066 χρη-

248 3085 324 3172 σμοὶ
339 3087 447 3171 αὐτῆς.
480 3085 617 3171 δευτέρα
627 3089 779 3170 Σίβυλλα
792 3085 812 3170 ἡ
824 3089 986 3171 Λίβυσσα,
1000 3090 1092 3174 τρίτη
1103 3091 1254 3172 Σίβυλλα

317 3281 341 3316 v.
358 3267 390 3315 13
409 3260 532 3314 Nicanor
550 3259 606 3314 Ser.
626 3259 778 3312 Alexandri
796 3260 894 3330 Magni
912 3281 938 3331 p.
956 3267 1005 3315 152

317 3437 342 3473 v.
359 3428 372 3474 1
392 3420 423 3474 τὸ
438 3418 479 3492 δ’]
493 3419 581 3473 τσυΒ
653 3424 668 3470 2
688 3417 852 3488 ὠνόμασθαι
863 3421 890 3473 Β
961 3427 977 3474 5
996 3423 1060 3490 περὶ
1070 3420 1202 3494 σιβόλλης.
1220 3421 1252 3475 τὸ

248 3487 361 3561 σίβνλλα
375 3494 429 3546 κτλ.
449 3492 508 3545 cod.
523 3488 666 3543 Parisinus
684 3508 724 3560 gr.
739 3496 792 3545 854
809 3491 829 3545 f.
845 3497 908 3559 159,
928 3491 1040 3546 Cramer
1057 3493 1153 3546 anecd.
1172 3510 1212 3562 gr.
1232 3492 1252 3560 Ι,

248 3567 348 3629 332εη,
427 3568 459 3614 12
478 3559 632 3632 λεγομένων
653 3571 836 3631 προειρηκοῑα
859 3563 938 3631 Par„
963 3580 1030 3617 corr.
1055 3580 1088 3617 ex
1111 3563 1198 3616 Suicla
1220 3563 1252 3617 E.

247 3632 341 3686 Μακεε
361 3633 395 3686 de
415 3631 586 3702 Sibyllarum
604 3631 743 3686 indicibus
761 3651 788 3702 p.
803 3640 837 3686 44
