2790 4214
223 299 266 363 86
448 297 558 352 LIBER
576 297 751 363 QUARTUS.
778 295 1006 352 FEBRUARIUS

159 472 208 527 Χῖ
223 462 438 547 ὑποστροφῆς
450 463 720 548 παραφυλάττειν
733 463 794 544 τήν
812 462 928 546 φύσιν,
948 459 1003 526 καὶ
1021 458 1065 526 δι’
1089 455 1137 526 ὧν
1155 477 1235 526 συν

223 566 313 650 ἐστη,
351 565 393 631 δι’
426 568 536 632 αὐτῶν
572 563 673 644 αὖθις
708 567 924 634 ἀναλύεσθαι.
980 569 1235 650 τελευτήσαντος
1319 629 1325 638 ,

222 683 307 757 γοῦν
330 673 528 761 ἀνθρώπου,
556 672 610 739 ἐπὶ
632 671 694 759 μὲν
721 681 778 758 τής
800 678 912 760 τρίτης
939 673 1130 740 ἀλλοιοῦται
1152 695 1236 738 παν-

222 786 324 858 τελῶς
352 779 407 846 καὶ
437 782 498 864 τήν
529 781 709 865 ἐπίγνωσιν
738 791 797 866 τής
829 783 936 859 όύεως
967 783 1165 846 διαπόλλυσι
1196 781 1234 845 τὸ

198 899 330 971 εσῶμα·
359 884 412 952 ἐπὶ
435 883 472 952 δὲ
494 896 553 970 τής
575 887 714 970 ἐννάτης
735 889 866 974 διαρρεῖ
889 887 1036 971 σύμπαν,
1065 889 1113 951 ἔτι
1137 889 1201 964 σωξ
1221 925 1235 936 -

222 993 323 1079 με’νης
341 993 431 1081 αὐτῷ
449 1003 507 1078 τῆς
524 995 675 1079 καρδίας·
698 993 752 1059 ἐπὶ
771 991 808 1059 δέ
826 1003 883 1077 τῆς
901 1001 1162 1080 τεσσαρακοστῆς
1179 989 1236 1058 καὶ

222 1101 305 1185 αὕτη
329 1103 576 1166 συναπόλλυται
599 1109 645 1189 τῷ
667 1105 776 1166 παντί.
812 1102 870 1166 διά
889 1110 987 1166 τοῦτο
1006 1087 1123 1188 τρίτην
1140 1098 1236 1164 ἐννά·

221 1231 284 1291 την
305 1205 361 1272 καὶ
380 1209 644 1294 τεσσαρακοστήν
662 1206 715 1274 ἐπὶ
734 1219 802 1273 τῶν
819 1210 1032 1291 τεθνηκότων
1050 1206 1235 1290 φυλάττου-

222 1331 278 1379 σιν
301 1315 334 1379 ol
358 1312 561 1397 ἐναγίζοντες
584 1314 708 1399 αὐτοῖς,
730 1323 788 1398 τής
810 1313 848 1379 τέ
867 1336 947 1379 ποτε
971 1315 1158 1389 συστάσεις
1177 1321 1236 1396 τῆς

184 1448 210 1487 ιο
223 1444 258 1486 τε
280 1418 348 1505 μετ)
372 1419 503 1504 ἐκείνην
526 1419 704 1498 ἐπιδόσεως
726 1419 836 1486 καὶτὸ
858 1421 899 1503 δή
918 1419 1020 1505 πέρας
1037 1418 1235 1502 τήςκάναλύ-

223 1544 305 1603 σεως
327 1526 648 1611 ἐπιμιμνησκόμενοι.
1379 1585 1381 1589 .

189 1645 206 1698 S
289 1633 340 1697 27.
356 1630 426 1698 Ὅτι
433 1635 572 1700 Γάλλων
580 1636 843 1719 παραλαβόντων
852 1632 1045 1717 τήνῬιόμην
1058 1633 1076 1699 δ
1091 1634 1288 1698 Κά-ΙῖεΝκτ

223 1728 340 1823 μιλλος
363 1744 561 1827 συναγείρας
582 1745 713 1825 πλῆθος
731 1739 862 1826 ἀθρόον
883 1739 1034 1822 ἐμπίπτει
1050 1750 1121 1815 τοῖς
1138 1743 1235 1805 πολε·

224 1849 324 1930 μίοις·
351 1843 407 1910 καὶ
430 1847 535 1930 μάχης
557 1857 716 1932 κρατεροῖς
738 1845 918 1931 γενομένης
940 1845 1155 1912 κλασθέντων
1178 1845 1236 1910 αύ-

173 1975 209 2019 '15
223 1962 293 2028 τοῖς
315 1963 382 2017 τῶν
405 1951 513 2036 ξιφῶν
536 1956 600 2018 σὺν
622 1952 769 2030 καὶτοῖς
792 1954 967 2030 ὅπλοις-
987 1955 1078 2018 οὔπω
1101 1955 1165 2038 γάρ
1187 1969 1236 2017 σι-

223 2059 338 2143 δηροῖς
362 2057 505 2144 ἐχρῶντο
520 2059 671 2145 Ῥωμαῖοι
693 2058 833 2146 θώραξι,
856 2066 989 2144 χαλκοῖς
1012 2056 1050 2125 δὲ
1072 2061 1154 2124 κατά
1176 2060 1237 2141 τήν

223 2167 426 2249 παλαιότητα
447 2167 551 2230 -τὸ
580 2168 703 2231 λοιπὸν·
722 2167 769 2242 είς
796 2177 907 2252 χεῖρας
935 2165 1048 2232 ἐλθεῖν
1071 2164 1180 2230 ἕλκειν
1202 2189 1237 2230 τε

161 2285 210 2339 SX
225 2271 389 2356 ἀλλήλους
412 2275 448 2338 ἐκ
470 2297 505 2338 τε
527 2283 594 2338 τῶν
615 2278 744 2357 λοφεῖον
761 2285 829 2338 τῶν
846 2278 1112 2358 περικεφαλαιῶν
1130 2271 1184 2337 καὶ
1204 2271 1236 2350 ἐξ

191 2392 209 2446 S
224 2378 336 2445 αὐτῶν
358 2377 471 2464 μέντοι
492 2391 560 2445 τοῖν
577 2389 637 2446 τοῦ
655 2381 815 2463 πώγωνος
833 2391 969 2466 τριχῶν·
991 2378 1085 2455 τέλος
1103 2375 1141 2444 δὲ
1159 2381 1237 2455 τοὺς

184 2515 211 2553 οο
225 2488 416 2573 βαρβάρους
437 2487 584 2571 ἀπήλασε
606 2485 661 2552 καλ
676 2487 801 2570 Ῥώμην
824 2486 985 2573 ἐρρύσατο
1008 2482 1064 2551 καὶ
1083 2487 1238 2570 δεύτερος

220 2589 383 2675 Ῥωμύλος
400 2594 590 2678 ὠνομάσθη.
627 2590 681 2657 καὶ
696 2593 801 2670 οὕτως
815 2592 1005 2677 ἀποκείρειν
1022 2616 1057 2658 τε
1075 2594 1154 2669 τοὺς
1171 2593 1237 2656 πόε-

223 2721 334 2780 γωνας
347 2697 396 2762 ἐπ’
410 2701 515 2786 άκρου
529 2698 583 2764 καλ
599 2700 757 2784 σιδηροῦς
770 2700 849 2775 τοὺς
866 2700 1023 2783 θώρακας
1039 2699 1239 2769 κατασκευά-

224 2807 292 2883 ζειν
305 2803 455 2869 τέτακται
473 2803 529 2870 καὶ
547 2806 629 2870 ἀνευ
647 2809 777 2887 λοφιῶν
794 2806 852 2881 τάς
869 2809 1128 2890 περικεφαλαίας
1143 2808 1238 2890 ἔχειν.

116 2923 266 2979 XGedren.
287 2911 338 2974 28.
456 2910 493 2975 ἐν
520 2921 559 2997 τῇ
587 2911 671 2997 πρὸς
694 2913 801 2994 δήμου
829 2911 986 2996 όρατίωνι
1010 2910 1113 2977 οἱονεί
1136 2929 1238 2997 προσ·
1257 2928 1292 2976 23

236 3120 237 3124 ’
296 3123 320 3158 v.
336 3110 352 3157 3
371 3103 424 3174 γὰρ
439 3104 467 3173 S,
484 3111 553 3174 γοῦν
568 3105 600 3158 Χ
666 3103 741 3158 ὅέτι
756 3103 871 3160 0mis.S
938 3103 1219 3158 Ἱπαντὶκαλδιάδ
1233 3103 1238 3176 Ι

224 3173 304 3302 ‘22²⁰‘
318 3177 366 3301 ’Ὑί
380 3174 483 3300 ‘⁹⁹⁰3'ss
497 3173 1005 3318 ’ίἷιέἰσ“ἵρ“λ”ῗλάιῗρλλῖἔάὲ”
1015 3175 1076 3315 [⁴¹2-
1101 3178 1242 3300 ⁸033?ss

117 3319 123 3324 ’
225 3269 258 3372 21‘1
275 3268 544 3388 ἐάτιμιμνησκόμάνάς
559 3318 587 3371 Β
597 3267 629 3302 m
644 3267 692 3371 ς12
712 3317 727 3372 ό
744 3268 875 3386 κάμιλλάος
888 3288 987 3385 ὥριάεν
1001 3266 1162 3385 ἀποάεςίρειν
1175 3283 1240 3378 τούς

224 3391 361 3459 πώγωνας
375 3387 420 3444 ἐπ’
438 3389 535 3460 άκρου,
553 3389 590 3451 ὡς
608 3388 644 3458 μή
665 3387 834 3458 δράττεσθαι
847 3390 940 3443 αὐτῶν
954 3389 1019 3450 τοὺς
1033 3385 1178 3450 ἐναντίους
1191 3386 1240 3442 διά

225 3460 276 3528 τὴν
291 3464 434 3533 συμβᾶσαν
444 3458 580 3530 πρότερον
594 3459 695 3530 μάχην,
709 3459 740 3515 ἐν
754 3454 771 3526 ή
786 3456 877 3514 εἷλκον
887 3458 1020 3540 ἀλλήλους
1029 3461 1126 3528 (18)-
1136 3465 1169 3513 19
1182 3479 1240 3528 τρι-

225 3540 282 3654 χῶν
301 3531 332 3584 Χ
402 3533 647 3624 §28131aeterX
667 3531 756 3622 λορδοῖ
774 3531 888 3585 Oedxen.
908 3530 973 3584 lust.
994 3547 1081 3600 comp.
1100 3549 1138 3622 p'}
1144 3537 1208 3600 296,
1224 3535 1240 3583 9

250 3617 313 3656 onn.
370 3608 403 3656 25
423 3602 549 3673 όρατιονι
562 3603 593 3657 Χ
607 3606 612 3672 Ι
628 3601 659 3658 ἐν
672 3621 705 3674 τη
720 3634 754 3642 -
768 3600 974 3673 προσφωνήσει]
990 3599 1110 3670 όρατίων
1123 3623 1141 3671 η
1154 3617 1241 3670 προο-

227 3673 351 3743 φόνηοις
368 3677 433 3742 post
452 3673 526 3730 ἐστὶν
544 3693 570 3743 p.
587 3679 659 3743 8'1‚1
680 3673 819 3729 collocata
837 3673 951 3728 exhibet
970 3672 1083 3728 Cedren.
1200 3712 1202 3716 -
