2790 4214
381 290 489 344 LIBER
507 289 682 355 QUARTUS.
709 289 869 344 MARTIUS
1087 289 1129 351 97

123 457 161 522 ἐν
185 447 211 543 ᾧ
232 465 346 539 κρατεῖ
367 457 495 537 μᾶλλον
517 452 537 536 ἡ
561 454 708 536 σώματος
732 453 832 536 φύσις
854 461 962 535 ψυχῆς
983 475 1015 516 τι
1039 457 1164 535 ἀχνοςὸ

125 565 282 646 λαβοῦσα,
303 561 347 637 ἀς
365 561 426 643 την
445 561 529 643 ζωὴν
546 560 607 642 τὴν
625 559 742 641 κοινὴν
759 564 886 642 μᾶλλον
904 566 964 623 τοῦ
983 559 1131 642 σώματος

125 663 219 734 εἶναι.
255 668 362 733 πάντα
385 668 447 752 γὰρ
472 667 638 749 σωματικὰ
657 665 717 730 δία
735 666 865 749 ταύτης,
888 672 945 747 τῆς
964 660 1001 728 δὲ
1020 661 1131 750 ἑτέρας

124 784 181 858 τῆς
208 773 269 852 ἔξω
298 774 318 857 ἡ
348 773 432 859 πρὸς
461 773 498 836 τὸ
526 773 594 836 ἀνω
622 773 711 856 φορὰ
736 770 792 836 καὶ
818 772 856 836 τὸ
883 771 986 836 καλὸν
1012 769 1066 835 καὶ
1093 772 1130 836 τὸ

123 888 235 963 θεῖον,
268 874 316 944 ὧν
348 876 458 954 οὐδεὶς
487 888 614 963 κρατεῖ,
646 876 715 943 ἀλλ’
743 877 763 961 ἢ
793 886 1011 962 προσχρῆται,
1043 875 1085 941 ἵν’
1109 869 1131 964 ᾗ
1158 902 1171 944 5

124 985 230 1052 έκεῖνο
253 984 308 1050 καὶ
334 985 416 1050 κατά
439 991 536 1049 τοῦτο
560 988 596 1070 ζῇ
620 983 842 1068 ἀναχωρήσας,
869 983 889 1067 ἢ
913 987 1031 1069 ἔρημος
1054 984 1131 1049 ταύ-

123 1116 180 1176 της
211 1102 268 1176 τῆς
297 1100 404 1175 ψυχῆς
431 1093 607 1174 γενόμενος
639 1094 674 1176 ζῇ
707 1089 744 1155 έν
775 1089 966 1176 εἱμαρμένῃ·
997 1088 1051 1155 καὶ
1079 1091 1131 1155 έν-

123 1205 233 1264 ταῦθα
260 1201 301 1263 τά
329 1199 432 1283 ἀστρα
462 1196 550 1283 αὐτῷ
577 1196 618 1262 οὐ
644 1199 750 1280 μόνον
777 1200 939 1280 σημαίνει,
967 1195 1050 1262 ἀλλά
1076 1196 1131 1262 καὶ

123 1310 251 1389 γίνεται
281 1305 380 1380 αὐτὸς
407 1295 480 1369 οἷον
507 1301 606 1389 μέρος
633 1301 687 1367 καὶ
714 1311 760 1389 τῷ
787 1303 852 1389 δίςο
877 1302 1060 1386 συνέπεται,
1090 1299 1131 1369 οὗ

123 1412 231 1497 μέρος.
269 1412 377 1486 διττὸς
394 1411 457 1495 χάρ
476 1407 623 1485 ἕκαστος·
646 1409 664 1474 6
683 1405 745 1493 μὲν
763 1410 799 1474 τὸ
819 1412 1070 1495 συναμφότερόν
1088 1433 1130 1493 τι,
1146 1435 1171 1474 ιο

125 1519 142 1584 ὁ
166 1515 203 1583 δὲ
225 1517 324 1593 αὐτὸς
342 1514 396 1580 καί
414 1525 478 1591 πᾶς
501 1515 518 1580 6
542 1517 663 1599 κόσμος
687 1511 733 1598 δὲ,
757 1514 774 1579 6
794 1511 855 1599 μέν
872 1516 910 1580 τὸ
929 1514 964 1579 έκ
984 1517 1131 1599 σώματος

124 1623 179 1690 καὶ
202 1632 309 1707 ψυχῆς
332 1645 422 1698 τινος
446 1623 599 1704 δεθείσης
622 1622 759 1706 σώματι,
783 1621 801 1686 6
825 1618 862 1686 δὲ
883 1621 904 1704 ἡ
927 1631 988 1687 τοῦ
1010 1624 1131 1699 παντὸς

124 1732 212 1815 ψυχὴ
235 1730 256 1813 η
279 1731 322 1814 μη
347 1728 542 1813 ἐνσώματι,
566 1727 776 1812 ἐλλίμπουσα
798 1724 836 1792 δὲ
859 1735 933 1812 ίχνη
955 1738 994 1814 τῇ
1014 1729 1051 1794 έν
1070 1729 1131 1794 σώ-

124 1861 211 1922 ματι,
236 1835 291 1901 καὶ
314 1837 406 1919 ἥλιος
429 1837 470 1919 δὴ
493 1833 548 1899 καὶ
571 1837 673 1900 τάλλα
696 1836 789 1900 διττὰ
812 1835 919 1901 οὕτω.

69 1953 193 2008 deesfflr
216 1943 267 2007 39.
288 1940 359 2007 Ὅτι
382 1942 494 2025 ἐπειδὴ
513 1942 589 2006 τόδε
608 1942 644 2005 τὸ
663 1951 730 2006 πᾶν
746 1940 878 2029 ἀρρήτῳ
897 1940 994 2027 τέχνη
1017 1945 1131 2007 πεποί-
1146 1967 1171 2006 ιε

123 2057 230 2116 κιλται
254 2050 414 2135 ἁρμονίας
440 2071 475 2113 τε
501 2054 623 2134 πλῆρες
650 2047 845 2132 εὐδαίμονός
872 2047 976 2132 ἐστιν,
1005 2048 1130 2133 ἀνάγκη

125 2158 297 2239 δήπουθεν
321 2154 353 2233 ἐξ
377 2153 479 2232 ὀξέων
501 2153 556 2219 καὶ
578 2153 718 2240 βαρέων,
741 2165 918 2239 προσηνῶν
940 2178 975 2220 τε
998 2153 1052 2220 καὶ
1074 2156 1132 2220 αὐ-

125 2273 255 2349 στηρῶν
282 2264 447 2346 φθόγγων
473 2258 527 2325 καὶ
557 2261 697 2347 ῥυθμῶν
719 2259 773 2325 καὶ
803 2264 925 2344 τόνων,
955 2260 999 2326 ἵν’
1027 2262 1132 2338 οὕτως

124 2375 215 2452 εἴπω,
239 2371 471 2453 συνηρμόσθαι
494 2368 555 2450 την
577 2369 689 2452 φύσιν.
786 2402 789 2407 -

68 2485 194 2540 Rr11127
218 2474 270 2538 40.
286 2473 357 2539 Ὅτι
380 2476 413 2539 οἱ
435 2472 570 2539 παλαιοί
593 2476 673 2559 μετὰ
695 2475 850 2557 τελευτὴν
869 2477 980 2539 έκαιον
998 2475 1039 2538 τδ
1058 2475 1120 2539 σώ-
1134 2482 1184 2536 YS

124 2606 220 2666 ματα,
248 2588 536 2656 σνναποθεοῦντες
564 2581 672 2666 ὥσπερ
700 2590 738 2666 τῇ
766 2590 854 2666 ψυχῇ
882 2578 937 2644 καὶ
963 2581 1000 2646 τὸ
1026 2592 1131 2666 σῶμα·
1145 2609 1171 2647 21

123 2689 274 2772 καθάπερ
299 2689 362 2773 μάρ
386 2686 493 2770 ἐκείνη
517 2688 673 2771 πυρώδης
699 2687 760 2769 την
783 2687 887 2771 φύσιν
909 2685 964 2752 καὶ
987 2689 1070 2773 πρὸς
1092 2691 1165 2753 ms

125 2796 193 2860 ἀνω
218 2795 418 2877 σπεύδουσα,
446 2793 531 2859 οὕτω
555 2796 642 2879 βαρὺ
669 2795 706 2858 τὸ
732 2804 825 2878 σῶμα
847 2792 902 2858 καὶ
925 2796 1055 2879 ψυχρὸν
1076 2794 1132 2860 καὶ

125 2903 207 2986 πρὸς
239 2903 278 2966 τά
309 2902 395 2964 κάτω
429 2898 538 2985 ῥέπον.
583 2899 723 2965 ἐδόκουν
753 2904 870 2964 τοίνυν
900 2899 955 2965 καὶ
985 2901 1064 2966 αὐτὸ
1094 2903 1131 2966 τὸ

126 3008 266 3072 εἴδωλον
289 3005 501 3091 ἐκκαθαίρειν
528 3015 588 3071 τοῦ
617 3007 764 3091 σώματος
791 3017 829 3092 τῇ
852 3016 912 3072 τοῦ
935 3009 1039 3093 πυρὸς
1063 3007 1133 3089 ἀνι·
1146 3033 1172 3073 25

125 3117 229 3199 στείηι·
257 3112 298 3178 οὐ
321 3114 385 3197 γὰρ
407 3111 534 3195 ἀληθὴς
558 3112 575 3177 6
599 3115 697 3195 λόγος
720 3113 738 3178 6
760 3115 842 3177 κατὰ
864 3113 924 3177 τὸν
940 3110 1133 3197 Ἀναξίμαν-
1220 3177 1227 3190 ,,

196 3269 220 3305 v.
240 3256 274 3304 26
293 3250 512 3306 Anaximander:
537 3267 573 3304 an
595 3251 688 3320 potius
711 3250 889 3306 Heraclitus?
922 3250 956 3304 of.
977 3249 1054 3304 Diels
1077 3251 1132 3306 Do-

125 3339 201 3392 xogr.
221 3339 262 3392 gr.
278 3327 344 3376 283·
359 3327 391 3376 16

195 3465 219 3500 v.
235 3451 251 3498 3
271 3443 333 3517 δία]
352 3443 403 3500 ὅσοι
421 3446 493 3500 Plot.
579 3451 595 3499 8
615 3447 662 3500 καὶ
684 3445 761 3499 omis.
780 3444 851 3500 Plot.
939 3451 971 3498 12
991 3447 1126 3510 δεθεὶςδ

124 3515 255 3587 δοθείσης
274 3516 380 3571 correxi
399 3518 436 3570 ad
453 3515 558 3571 Plotini
581 3516 709 3571 codicum
728 3516 878 3571 lectionem
959 3517 1045 3571 14τά
1064 3492 1132 3573 ἀλλά

125 3586 196 3642 Plot.
269 3594 304 3642 20
323 3586 365 3642 δτι
383 3587 418 3642 τὰ
436 3597 491 3643 τῶν
510 3597 615 3656 νεκρῶν
633 3589 744 3657 σώματα
760 3587 854 3642 ἔκαιον
869 3587 896 3642 οἱ
909 3590 1025 3643 παλαιοὶ
1039 3591 1132 3656 συνεξ-

125 3662 306 3726 ανθεροῦντες
324 3658 396 3714 οιάτά
414 3667 447 3729 τῆ
467 3667 542 3730 ψυχῇ
567 3659 595 3712 Y

178 3759 260 3800 Ianus
275 3759 309 3799 ed.
323 3759 472 3800 Wuensch.
959 3754 973 3802 7
