2790 4214
266 283 308 346 98
525 282 633 336 LIBER
651 281 825 347 QUARTUS.
851 283 1011 337 MAR'I'IUS

231 447 358 530 Ξδρον,
385 443 422 519 ὃς
445 443 480 508 έκ
502 454 562 509 τοῦ
584 446 688 531 πυρὸς
711 441 798 510 εἶναι
820 446 895 510 τόδε
917 447 954 510 τὸ
981 455 1048 510 πᾶν
1070 444 1274 529 ἀπεφήνατο,

265 548 320 616 καὶ
343 551 399 614 διά
416 559 514 615 τοῦτο
532 549 613 636 πυρί
631 552 864 636 παραδοθῆναι
882 552 965 637 πρὸς
983 562 1050 616 τῶν
1068 551 1214 636 ἀρχαίων
1231 554 1273 617 τὰ

266 657 410 740 στόματα·
437 655 457 739 ή
480 659 561 721 κατὰ
588 659 666 733 τοὺς
689 658 874 740 Στωϊκούς,
903 661 939 722 οἳ
963 659 1147 741 καθολικὴν
1174 657 1272 722 ἐκπύ-

265 780 370 849 ρωσιν
399 762 616 847 ἀναμένοντες
645 762 919 849 προαπετέφρονν
948 766 1026 840 τοὺς
1048 766 1272 847 θνήσκοντας·

237 873 375 956 ιπολλῷ
402 870 466 954 γάρ
492 871 706 957 πρεσβυτάτῳ
733 881 799 935 τῶν
822 869 859 935 έν
886 875 1069 956 φιλοσοφίᾳ
1095 871 1272 954 δογμάτων

263 975 284 1058 ή
307 976 442 1058 τοιαύτη
466 986 533 1040 τῶν
556 976 715 1060 στομάτων
737 975 1011 1060 ἀναστοιχείωσις.
1056 979 1135 1052 τοὺς
1157 975 1271 1060 μέντοι

264 1083 404 1158 ὀδόντας
433 1081 495 1146 οὐκ
523 1084 657 1166 ἔχοντας
685 1083 817 1167 φύσεως
845 1081 865 1166 ή
893 1081 975 1167 πυρὶ
1001 1082 1022 1166 ή
1050 1086 1158 1171 χρόνῳ
1186 1093 1272 1165 γοῦν

263 1197 377 1276 μακρῷ
403 1192 714 1271 καταναλίσκεσθαι,
743 1192 986 1273 κατελίμπανον
1013 1187 1062 1254 ἐπ’
1086 1189 1186 1273 αὐτής
1213 1199 1271 1273 τής

263 1305 369 1381 πυράς
393 1295 437 1371 ὡς
459 1296 496 1359 τὸ
523 1295 641 1361 λοιπὸν
669 1295 851 1381 ἀχρήστους
878 1296 961 1381 πρὸς
987 1297 1046 1360 τὸν
1073 1305 1130 1379 τής
1152 1301 1270 1378 παλιγ-

223 1429 250 1468 10
263 1405 411 1484 γενεσίας
434 1403 534 1483 λόγον
562 1399 814 1484 ἀποβλέποντες·
842 1402 973 1486 σφόδρα
1000 1403 1063 1486 γάρ
1091 1399 1146 1465 καὶ
1174 1400 1269 1466 αὐτοὶ

262 1509 322 1572 τὸν
347 1505 422 1593 περὶ
451 1507 551 1590 αὐτῆς
577 1506 797 1593 παρεδέχοντο
825 1510 926 1589 λόγον
953 1509 1011 1571 διὰ
1037 1508 1073 1571 τὸ
1100 1502 1200 1584 αὖθις
1225 1509 1270 1584 ὡς

263 1613 369 1678 ἐδόκει
386 1616 712 1697 παλιγγενησόμενον
730 1615 912 1699 ἄνθρωπον
929 1614 973 1697 μή
992 1611 1122 1699 χρῄζειν
1140 1613 1194 1679 ἐπὶ
1212 1623 1270 1698 τής

261 1718 413 1806 μητρηόας
435 1720 575 1805 γαστρὸς
600 1719 756 1785 ὀδόντων.

221 1839 247 1891 Y
327 1826 379 1888 41.
390 1823 460 1889 Ὅτι
475 1827 535 1890 οὔκ
544 1827 630 1891 εἰσιν
640 1825 772 1911 ἀστέρες
780 1829 963 1909 κακοποιοί,
977 1825 1061 1891 ἀλλά
1070 1826 1189 1903 πάντες
1198 1836 1325 1892 RrIII28

222 1959 247 1999 ιε
261 1931 397 2014 ἀγαθοί·
425 1930 495 1996 ἀλλ’
519 1931 589 1996 ἐπεὶ
615 1931 692 1997 καθ’
716 1933 879 2018 ἁρμονίαν
907 1934 945 1997 τὸ
971 1941 1039 1997 πᾶν
1066 1937 1269 2016 συνίσταται,
1388 1987 1389 2016 ,

262 2038 294 2102 οἱ
312 2033 373 2121 μὲν
391 2037 502 2103 αὐτῶν
520 2040 583 2103 είσι
602 2038 705 2124 ξηροί,
726 2041 759 2104 οί
777 2036 814 2104 δὲ
833 2039 1062 2126 ὑγραίνουσιν,
1081 2040 1114 2104 ολ
1132 2035 1169 2104 δὲ
1188 2040 1268 2104 ἀλλο
1388 2025 1389 2067 ³

261 2168 292 2209 τι
322 2147 435 2228 ἔχουσι
464 2146 547 2230 πρὸς
576 2147 632 2222 τὰς
664 2147 796 2233 κράσεις
827 2145 950 2211 αὐτῶν·
982 2149 1099 2211 τοίνυν
1131 2147 1268 2211 δοκοῦσι

261 2252 420 2335 βλάπτειν
440 2254 522 2317 κατὰ
545 2252 604 2337 τήν
632 2251 815 2339 ἐνέργειαν,
844 2252 884 2318 οὐ
907 2255 988 2317 κατὰ
1011 2255 1071 2335 τήν
1094 2254 1269 2336 πρόθεσιν,

260 2357 315 2422 καί
339 2359 389 2423 ότι
411 2360 469 2435 τάς
492 2358 652 2445 ἀκράτους
675 2360 785 2424 αὐτῶν
808 2359 913 2425 ἐνίοτε
932 2358 1168 2444 δυνάμειςούχ
1187 2359 1268 2424 ὑπο-

221 2495 247 2532 ιο
260 2465 402 2549 μένοντα
429 2468 468 2530 τά
496 2465 533 2531 έν
560 2476 598 2551 τή
626 2477 667 2552 γή
695 2468 911 2551 βλάπτονται,
943 2468 987 2543 ὡς
1014 2465 1068 2531 καὶ
1096 2464 1268 2550 ὀφθαλμοὶ

259 2572 324 2636 ὑπὸ
349 2572 573 2657 σφοδρότητος
595 2576 712 2656 φωτός.

166 2689 245 2747 XHS
326 2677 377 2740 42.
397 2679 491 2742 Κατὰ
505 2673 541 2741 δὲ
555 2678 616 2760 τήν
629 2679 763 2763 πρώτην
776 2687 836 2743 τοῦ
845 2682 1001 2764 Μαρτίου
1014 2676 1232 2764 μηνὸςἭραν
1241 2687 1324 2744 1V29

260 2781 380 2866 ἐτίμων
403 2781 506 2847 οἱονεὶ
528 2783 589 2865 τήν
612 2786 753 2866 σελήνην
777 2783 833 2847 διά
856 2784 916 2866 τήν
935 2788 1128 2867 νεομηνίαν·
1152 2783 1266 2866 ἀνεκή-

220 2921 246 2960 24
260 2912 357 2974 ρυττε
379 2885 417 2953 δὲ
440 2888 457 2954 ὁ
483 2889 590 2974 ἱερεὺς
617 2898 735 2974 χρήναι
762 2888 897 2972 γλυκέσι
924 2892 1051 2974 πόμασί
1075 2914 1110 2954 τε
1136 2889 1191 2954 καί
1220 2908 1268 2955 σι-

219 3013 245 3066 X
259 2999 342 3072 τίοις
364 3001 509 3081 χρῆσθαι
533 2996 679 3071 ἅπαντας
702 2996 785 3080 πρὸς
804 2997 956 3080 φυλακήν
973 2996 1095 3078 ὑγείας.
1133 2996 1268 3062 ἐκίνουν

260 3101 296 3168 δὲ
319 3105 358 3169 τά
382 3103 467 3168 ὅπλα
483 3100 634 3185 Ῥωμαῖοι
658 3099 711 3166 ἐπὶ
734 3110 780 3189 τῷ
802 3112 863 3168 τοῦ
876 3101 992 3187 ’Ἀρεος
1014 3105 1116 3190 πεδίφ
1137 3102 1157 3186 ή
1176 3103 1267 3187 τεμέ-

329 3297 353 3332 v.
370 3283 385 3330 3
405 3274 492 3329 Stoici
513 3273 547 3328 cf.
567 3273 643 3328 Diels
662 3273 781 3346 Doxogr.
801 3293 841 3346 gr.
856 3282 923 3330 468⁸
937 3282 1023 3344 Ssqq.

329 3454 353 3491 v.
369 3441 385 3488 ό
404 3433 592 3506 πρεσβύτατον
617 3433 651 3488 ci.
675 3433 824 3489 Gu.K1011
915 3443 947 3490 19
971 3434 1103 3504 δυνάμεις
1126 3434 1213 3491 ἐνίοτε
1237 3437 1269 3489 F

259 3513 291 3560 21
312 3504 498 3575 φαιδρότητος
512 3506 542 3559 F
611 3511 644 3558 22
664 3505 694 3560 ἐν
712 3514 745 3576 τή
768 3508 861 3576 πράττη
885 3504 936 3562 οὖν
959 3507 1058 3562 τυάτοο
1081 3507 1266 3575 ἀνεκήρυττεν

259 3577 273 3631 δ
293 3576 382 3645 ἱερεὺς
400 3586 500 3646 χρῆναι
518 3593 574 3644 εηε.
594 3577 637 3644 H,
662 3574 704 3630 ’ότι
724 3577 795 3632 κατὰ
813 3577 864 3648 τήν
879 3611 913 3618 -
928 3585 962 3632 25
980 3576 1075 3648 ὑγείας
1098 3581 1149 3633 oet.
1169 3578 1225 3632 des,
1246 3578 1268 3633 S

260 3653 293 3701 23
313 3647 441 3716 ἐκήρυττε
460 3649 491 3701 Χ
561 3654 594 3701 25
615 3645 726 3703 ἐκίνουν
740 3681 775 3688 -
790 3655 823 3703 26
841 3647 946 3719 τεμένει
965 3649 1042 3704 omis,
1057 3650 1092 3703 H
