2788 4222
205 296 319 352 LXXVI
612 293 816 348 PRAEFATIO

207 465 286 522 unde
312 482 382 523 vero
411 465 507 539 petitu
536 463 610 537 sint,
640 461 721 521 haud
750 464 823 536 soi03
856 462 962 522 addere
989 465 1090 522 iumen
1119 463 1220 538 liceat,

209 552 340 610 eiusdem
369 552 483 611 falsarii
507 583 549 592 -
576 552 620 609 ite
651 552 729 610 enim
759 571 825 610 eum
855 551 1066 628 appellandum
1095 570 1157 611 esse
1186 553 1219 610 in

207 640 367 716 propatulo
391 643 436 699 est
458 671 500 680 -
525 640 668 715 sequioris
692 641 800 699 aetatis
827 640 888 698 elie
911 659 1027 716 quoque
1050 641 1220 718 fragmenta

208 728 294 788 nobis
318 747 380 788 esee
402 728 522 787 tradite.
568 731 660 803 etque
683 729 759 787 illud
782 729 902 804 quidem
923 729 1002 805 quod
1019 730 1052 787 in
1070 729 1218 788 eodioisS

208 818 287 876 notis
306 817 519 894 marginalibus
539 819 674 892 occurrii,
698 835 787 893 supro
809 837 837 893 p.
856 817 924 876 XLI
946 819 1083 892 tractavi,
1105 818 1219 877 uooedit

211 909 311 965 eudem
333 904 431 965 brevis
460 906 607 981 quaedam
635 906 803 966 dissertudio
831 907 930 965 oodioe
953 906 1088 965 Parisino
1112 925 1218 983 graeco

211 996 295 1054 2509
320 1013 342 1053 ε.
357 993 417 1054 XV
440 997 571 1070 serveria,
600 1013 690 1070 quem
716 995 771 1053 hoo
798 994 863 1054 loeo
890 994 1003 1071 publici
1025 996 1098 1054 iuris
1121 995 1218 1054 fecere

208 1084 312 1158 liceat,
339 1083 412 1158 quie
435 1083 631 1142 demonstrari
659 1101 694 1142 ea
716 1084 847 1159 videtur,
874 1086 998 1142 exeunte
1025 1083 1122 1143 medio
1146 1102 1220 1142 aevo

209 1172 299 1231 fuisse
328 1172 472 1247 aliquem,
500 1173 552 1248 qui
574 1171 651 1248 Lydi
674 1172 785 1230 auxilio
812 1172 895 1230 haud
917 1175 1016 1248 spreto
1041 1172 1161 1231 fabulas
1184 1171 1220 1230 de

209 1261 414 1319 Romanorum
436 1280 513 1321 enno
537 1262 658 1337 eiusque
681 1260 848 1320 nominibus
873 1263 1082 1337 composuerit:

277 1367 354 1426 Per.
378 1386 425 1445 gr.
447 1369 532 1427 2509
557 1367 675 1426 {171¹
701 1364 767 1447 περὶ
794 1375 897 1445 μηνῶν
924 1364 974 1426 καί
995 1365 1092 1427 πόθεν
1115 1364 1222 1445 ἔλαβον

209 1453 264 1533 τήν
287 1459 400 1534 κλῆσιν.

277 1542 309 1603 έκ
332 1544 478 1624 τεσσάρων
501 1553 590 1604 τινῶν
614 1544 780 1624 σύγκεινται
802 1544 833 1604 οί
854 1551 957 1623 μήνες·
982 1541 1014 1603 ἔκ
1036 1549 1117 1605 θεῶν
1140 1541 1220 1620 ἓλλη·

208 1651 283 1710 νίων
306 1651 337 1729 β
365 1649 502 1731 Μάρτιος
524 1647 544 1728 i)
565 1643 707 1732 Ἀρεϊκύς,
735 1647 775 1722 ὡς
798 1647 856 1711 άτιδ
878 1659 931 1710 τοῦ
946 1645 1070 1732 ’Ἀρεως,
1096 1648 1145 1711 καλ
1165 1644 1221 1709 Ἰα-

212 1739 349 1820 νουάριος
373 1735 413 1812 ὡς
437 1732 493 1821 (ὡς
514 1739 560 1798 bis
585 1740 727 1815 scriptum
749 1741 781 1796 in
800 1732 877 1821 eod.)
901 1736 958 1799 ἀπὸ
977 1748 1030 1799 τοῦ
1045 1731 1143 1799 Ἰανοῶ
1161 1731 1222 1820 (ἴν-

210 1851 267 1889 νου
290 1821 367 1910 ood.)
396 1836 448 1887 τοῦ
475 1824 524 1886 καί
546 1825 666 1907 Κρόνου
694 1823 816 1908 (κρόκου
840 1820 932 1910 cod),
959 1824 991 1900 ὃς
1018 1832 1145 1888 καλεῖται
1171 1825 1222 1886 καὶ

210 1916 340 1997 Κρόνιος
366 1913 386 1994 ή
414 1913 531 1997 χρόνιος
557 1913 606 1975 καί
633 1919 772 1996 θυραῖος·
801 1907 840 1975 δι’
861 1915 953 1977 αὐτοῦ
980 1913 1035 1997 γάρ
1062 1915 1135 1976 κατὰ
1153 1908 1222 1975 Ῥω-

213 2006 319 2084 μαίους
341 1997 495 2086 (ῥωμαίων
517 1998 594 2087 cod.)
619 2003 714 2082 ὥσπερ
737 2001 796 2064 dno
819 2003 916 2086 θύρας
939 2003 1092 2086 εἰσέρχεται
1115 2001 1131 2064 δ
1154 2002 1222 2084 χρό·

211 2135 272 2184 νος.
317 2109 349 2171 ἔκ
378 2107 521 2192 βασιλέων
548 2111 579 2188 β
610 2102 731 2183 Ἰούλιος
760 2108 810 2170 καί
836 2108 1019 2192 Αύγουστος·
1052 2108 1160 2192 λέγεται
1190 2107 1223 2170 δέ

211 2198 283 2261 κατὰ
312 2192 471 2278 Ῥωμαίους
503 2197 519 2260 δ
547 2192 669 2272 Ἰούλιος
699 2199 858 2272 Κυντίλιος
889 2196 1059 2278 (κεντίλλιος
1091 2192 1169 2282 υοδ.)
1201 2195 1222 2277 i)

210 2287 341 2367 τιίμτιτος
363 2286 421 2350 άτιὸ
445 2288 599 2369 Μαρτίου,
628 2286 643 2349 ὁ
667 2285 699 2348 δὲ
721 2285 894 2369 Αύγουστος
917 2288 1064 2362 Σεξτίλιος
1087 2285 1107 2366 ἦ
1131 2285 1221 2360 ἕκτος.

211 2393 270 2456 ἀπὸ
293 2392 430 2476 ἀριθμῶν
449 2394 467 2454 δ
472 2411 478 2423 ·
502 2392 701 2475 Σετιτέμβριος
725 2391 850 2475 ἕβδομος
868 2392 958 2456 οίονελ
976 2391 1136 2475 έτττέβριος,
1156 2387 1223 2454 Ὀκ-

214 2483 337 2565 τώβριος
359 2480 379 2562 ἢ
403 2481 517 2564 ύγδοος,
540 2481 709 2565 Νοέμβριος
731 2480 751 2562 ἢ
774 2482 905 2562 ἕννατος,
929 2479 1110 2563 Δεκέμβριος
1131 2480 1151 2561 ή
1175 2479 1222 2542 δέ·

213 2594 308 2644 κατος.
341 2570 391 2632 καλ
404 2570 537 2653 τέσσαρες
550 2570 608 2633 ἀπὸ
625 2570 789 2652 ἐνεργειῶν·
810 2565 956 2651 ’Λιιρίλιος
974 2569 1120 2632 τουτέστιν
1139 2570 1222 2632 άνοι-

213 2659 345 2740 κτήριος,
383 2661 487 2733 Μάϊος
522 2657 542 2738 ἢ
580 2659 680 2741 μέγας·
718 2658 750 2720 ἒν
786 2659 864 2743 αύτῷ
899 2659 955 2740 γὰρ
992 2661 1023 2720 oi
1056 2670 1224 2741 μεγιστᾶνοι

213 2742 396 2831 (μεγιστάναι
419 2747 495 2827 eod.)
519 2747 569 2822 τὰς
591 2747 692 2830 ἑορτὰς
714 2745 873 2821 ἕξετέλονν·
893 2742 1017 2821 Ἰούνιος
1039 2743 1059 2827 ή
1082 2746 1148 2820 νέος
1172 2747 1221 2808 διὰ

212 2837 244 2900 τὸ
268 2835 336 2898 νέον
359 2833 449 2917 θέρος
471 2834 492 2916 ή
516 2835 559 2898 ὅτι
582 2835 614 2898 ἐν
637 2836 716 2920 αύτῷ
739 2837 770 2896 οί
790 2833 851 2898 νέοι
873 2834 1020 2910 έξετέλουν
1037 2836 1089 2910 τὰς
1107 2836 1221 2919 ἑορτάς·

211 2925 261 2988 καί
286 2925 500 3007 Φευρουάριος·
533 2923 549 2987 ὃ
577 2926 665 3004 δηλοῖ
687 2924 719 2986 τὸ
746 2925 924 3006 καθάρσιον·
954 2923 987 2986 έν
1013 2925 1091 3010 adegi
1115 2925 1171 3007 γὰρ
1194 2925 1227 2986 οἵ

213 3011 364 3094 μέλλοντες
397 3011 594 3096 ἐκστρατεύειν
629 3013 732 3075 έτιινον
768 3015 917 3097 καθάρσια
952 3015 1224 3096 προευτρεπίζοντες

211 3103 345 3178 ἑαυτούς.

280 3191 346 3274 περί
368 3192 534 3252 Καλανδῶν
555 3190 606 3252 καί
629 3191 747 3253 Νωνῶν
768 3190 818 3253 καί
840 3191 952 3252 Εἰδῶν.

282 3280 448 3362 ἐπειδήπερ,
472 3277 512 3354 ὡς
535 3281 665 3359 είτιομεν,
688 3279 720 3340 ἐκ
737 3281 884 3362 τεσσάρων
902 3289 992 3341 τινῶν
1009 3278 1064 3359 τήν
1082 3277 1224 3361 ἀφορμήν

213 3380 266 3449 τῆς
288 3370 417 3448 κλήσεως
439 3367 524 3450 ἔσχον
547 3369 579 3430 οἱ
599 3377 700 3449 μῆνες,
725 3367 757 3430 έκ
780 3375 870 3448 θεῶν,
898 3367 930 3430 έκ
952 3366 1110 3451 βασιλέων,
1137 3367 1224 3451 άριθ-

214 3467 278 3536 μῶν
301 3457 351 3519 καί
374 3457 536 3540 ἐνεργειῶν,
560 3459 758 3540 διεμερίσαντο
782 3459 813 3520 οί
832 3457 950 3519 παλαιοὶ
973 3456 1022 3518 καί
1044 3455 1095 3530 τὰς
1113 3455 1225 3537 ἡμέρας

213 3563 336 3625 ἑκάστου
360 3564 454 3644 μηνὸς
476 3565 517 3638 είς
539 3566 614 3646 τρία,
636 3563 687 3626 καλ
709 3563 848 3626 ἐκάλεσαν
865 3563 916 3638 τὰς
935 3561 987 3643 μέν
1006 3545 1037 3644 id
1054 3564 1223 3639 Καλάνδας,

213 3651 265 3724 τὰς
289 3649 320 3712 δέ
344 3653 493 3732 ῖΝώνας,
515 3653 566 3727 τδις
590 3651 621 3714 δέ
641 3651 748 3732 ἐφεξῆς
765 3652 885 3726 Εἰδοῶς.
923 3651 1106 3733 ὡρμήθησαν
1130 3649 1161 3712 δέ
1182 3651 1224 3725 εἰς
