<?xml version="1.0" encoding="UTF-8"?>
<!DOCTYPE html PUBLIC "-//W3C//DTD XHTML 1.0 Transitional//EN"
    "http://www.w3.org/TR/xhtml1/DTD/xhtml1-transitional.dtd">
<html xmlns="http://www.w3.org/1999/xhtml" xml:lang="en" lang="en">
 <head>
  <title>
</title>
<meta http-equiv="Content-Type" content="text/html;charset=utf-8" />
  <meta name='ocr-system' content='tesseract 3.04.00' />
  <meta name='ocr-capabilities' content='ocr_page ocr_carea ocr_par ocr_line ocrx_word'/>
</head>
<body>
  <div class='ocr_page' id='page_1' title='image "./ioannislaurenti02wuengoog_0066.png"; bbox 0 0 2788 4222; ppageno 0'>
   <div class='ocr_carea' id='block_1_1' title="bbox 515 287 1125 344">
    <p class='ocr_par' dir='ltr' id='par_1_1' title="bbox 515 287 1125 344">
     <span class='ocr_line' id='line_1_1' title="bbox 515 287 1125 344; baseline -0.003 -1"><span class='ocrx_word' id='word_1_1' title='bbox 515 287 720 344; x_wconf 81' lang='lat' dir='ltr'><strong>PRAEFATIO</strong></span> <span class='ocrx_word' id='word_1_2' title='bbox 979 339 980 342; x_wconf 76' lang='grc'>,</span> <span class='ocrx_word' id='word_1_3' title='bbox 1038 287 1125 341; x_wconf 86' lang='lat' dir='ltr'>LXIII</span> 
     </span>
    </p>
   </div>
   <div class='ocr_carea' id='block_1_2' title="bbox 230 456 1125 695">
    <p class='ocr_par' dir='ltr' id='par_1_2' title="bbox 230 456 1125 695">
     <span class='ocr_line' id='line_1_2' title="bbox 231 456 1125 533; baseline -0.001 -16"><span class='ocrx_word' id='word_1_4' title='bbox 231 457 369 532; x_wconf 79' lang='lat' dir='ltr'>schedae,</span> <span class='ocrx_word' id='word_1_5' title='bbox 401 461 553 533; x_wconf 91' lang='lat' dir='ltr'>receptum</span> <span class='ocrx_word' id='word_1_6' title='bbox 580 458 657 516; x_wconf 90' lang='lat' dir='ltr'>illud</span> <span class='ocrx_word' id='word_1_7' title='bbox 684 476 744 515; x_wconf 93' lang='lat' dir='ltr'>non</span> <span class='ocrx_word' id='word_1_8' title='bbox 774 475 836 516; x_wconf 88' lang='lat' dir='ltr'>esse</span> <span class='ocrx_word' id='word_1_9' title='bbox 863 457 994 515; x_wconf 87' lang='lat' dir='ltr'>affirmat</span> <span class='ocrx_word' id='word_1_10' title='bbox 1019 456 1125 516; x_wconf 82' lang='grc'>11116111</span> 
     </span>
     <span class='ocr_line' id='line_1_3' title="bbox 231 545 1124 622; baseline -0.001 -17"><span class='ocrx_word' id='word_1_11' title='bbox 231 546 391 605; x_wconf 87' lang='lat' dir='ltr'>Ziehbarth</span> <span class='ocrx_word' id='word_1_12' title='bbox 409 547 542 622; x_wconf 89' lang='lat' dir='ltr'>inspecto</span> <span class='ocrx_word' id='word_1_13' title='bbox 557 546 664 605; x_wconf 86' lang='lat' dir='ltr'>codice.</span> <span class='ocrx_word' id='word_1_14' title='bbox 702 547 862 604; x_wconf 81' lang='lat' dir='ltr'>nonnullae</span> <span class='ocrx_word' id='word_1_15' title='bbox 875 549 976 604; x_wconf 87' lang='lat' dir='ltr'>tamen</span> <span class='ocrx_word' id='word_1_16' title='bbox 991 545 1053 605; x_wconf 88' lang='lat' dir='ltr'>eius</span> <span class='ocrx_word' id='word_1_17' title='bbox 1067 546 1124 604; x_wconf 91' lang='lat' dir='ltr'>lec-</span> 
     </span>
     <span class='ocr_line' id='line_1_4' title="bbox 230 635 1123 695; baseline -0.004 -1"><span class='ocrx_word' id='word_1_18' title='bbox 230 636 328 694; x_wconf 90' lang='lat' dir='ltr'>tiones</span> <span class='ocrx_word' id='word_1_19' title='bbox 342 635 374 693; x_wconf 91' lang='lat' dir='ltr'>in</span> <span class='ocrx_word' id='word_1_20' title='bbox 389 635 567 695; x_wconf 77' lang='lat' dir='ltr'>editionibus</span> <span class='ocrx_word' id='word_1_21' title='bbox 581 635 706 693; x_wconf 91' lang='grc'>111611116</span> <span class='ocrx_word' id='word_1_22' title='bbox 720 654 790 694; x_wconf 90' lang='lat' dir='ltr'>casu</span> <span class='ocrx_word' id='word_1_23' title='bbox 805 635 940 694; x_wconf 84' lang='lat' dir='ltr'>servatae</span> <span class='ocrx_word' id='word_1_24' title='bbox 959 637 1123 694; x_wconf 85' lang='lat' dir='ltr'>occurrunt.</span> 
     </span>
    </p>
   </div>
   <div class='ocr_carea' id='block_1_3' title="bbox 177 752 1273 1723">
    <p class='ocr_par' dir='ltr' id='par_1_3' title="bbox 177 752 1273 852">
     <span class='ocr_line' id='line_1_5' title="bbox 177 752 1273 852; baseline -0.003 -34"><span class='ocrx_word' id='word_1_25' title='bbox 177 761 370 834; x_wconf 78' lang='lat' dir='ltr'>Exemplar</span> <span class='ocrx_word' id='word_1_26' title='bbox 387 760 533 835; x_wconf 92' lang='lat' dir='ltr'>Iosephi</span> <span class='ocrx_word' id='word_1_27' title='bbox 557 761 596 817; x_wconf 93' lang='grc'>16</span> <span class='ocrx_word' id='word_1_28' title='bbox 615 760 730 818; x_wconf 89' lang='lat' dir='ltr'>Iuliis.</span> <span class='ocrx_word' id='word_1_29' title='bbox 767 760 854 818; x_wconf 90' lang='lat' dir='ltr'>huius</span> <span class='ocrx_word' id='word_1_30' title='bbox 875 752 1273 852; x_wconf 49' lang='grc' dir='ltr'>666116111111111-,ζζξῑιῇξῇᾓξθ</span> 
     </span>
    </p>

    <p class='ocr_par' dir='ltr' id='par_1_4' title="bbox 231 847 1238 1723">
     <span class='ocr_line' id='line_1_6' title="bbox 232 847 1238 926; baseline -0.002 -18"><span class='ocrx_word' id='word_1_31' title='bbox 232 868 298 908; x_wconf 92' lang='lat' dir='ltr'>cum</span> <span class='ocrx_word' id='word_1_32' title='bbox 320 849 480 926; x_wconf 86' lang='lat' dir='ltr'>vestigium</span> <span class='ocrx_word' id='word_1_33' title='bbox 502 850 649 924; x_wconf 89' lang='lat' dir='ltr'>reperitur</span> <span class='ocrx_word' id='word_1_34' title='bbox 667 850 698 906; x_wconf 93' lang='lat' dir='ltr'>in</span> <span class='ocrx_word' id='word_1_35' title='bbox 716 847 878 924; x_wconf 77' lang='lat' dir='ltr'>Raphaelis</span> <span class='ocrx_word' id='word_1_36' title='bbox 896 848 1033 907; x_wconf 82' lang='lat' dir='ltr'>Fabretti</span> <span class='ocrx_word' id='word_1_37' title='bbox 1055 867 1123 923; x_wconf 81' lang='lat' dir='ltr'>syn-</span> <span class='ocrx_word' id='word_1_38' title='bbox 1170 859 1238 898; x_wconf 69' lang='lat' dir='ltr'>Iuliis</span> 
     </span>
     <span class='ocr_line' id='line_1_7' title="bbox 231 936 1125 1016; baseline -0.001 -20"><span class='ocrx_word' id='word_1_39' title='bbox 231 940 365 1016; x_wconf 86' lang='lat' dir='ltr'>tagmate</span> <span class='ocrx_word' id='word_1_40' title='bbox 393 939 429 996; x_wconf 94' lang='lat' dir='ltr'>de</span> <span class='ocrx_word' id='word_1_41' title='bbox 458 936 602 997; x_wconf 79' lang='lat' dir='ltr'>Columna</span> <span class='ocrx_word' id='word_1_42' title='bbox 626 937 769 1012; x_wconf 84' lang='lat' dir='ltr'>Traiana,</span> <span class='ocrx_word' id='word_1_43' title='bbox 795 937 908 996; x_wconf 90' lang='lat' dir='ltr'>Romae</span> <span class='ocrx_word' id='word_1_44' title='bbox 934 938 1032 1012; x_wconf 84' lang='grc'>1683,</span> <span class='ocrx_word' id='word_1_45' title='bbox 1061 955 1125 1012; x_wconf 89' lang='lat' dir='ltr'>cap.</span> 
     </span>
     <span class='ocr_line' id='line_1_8' title="bbox 231 1017 1124 1106; baseline 0 -23"><span class='ocrx_word' id='word_1_46' title='bbox 231 1026 275 1083; x_wconf 85' lang='lat' dir='ltr'>VI</span> <span class='ocrx_word' id='word_1_47' title='bbox 297 1047 326 1101; x_wconf 89' lang='lat' dir='ltr'>p.</span> <span class='ocrx_word' id='word_1_48' title='bbox 347 1027 424 1085; x_wconf 87' lang='lat'>153:</span> <span class='ocrx_word' id='word_1_49' title='bbox 448 1021 606 1086; x_wconf 68' lang='lat' dir='ltr'>‘rationem</span> <span class='ocrx_word' id='word_1_50' title='bbox 629 1046 699 1085; x_wconf 83' lang='lat' dir='ltr'>vcro</span> <span class='ocrx_word' id='word_1_51' title='bbox 722 1027 809 1085; x_wconf 91' lang='lat' dir='ltr'>huius</span> <span class='ocrx_word' id='word_1_52' title='bbox 832 1026 907 1085; x_wconf 89' lang='lat' dir='ltr'>ritus</span> <span class='ocrx_word' id='word_1_53' title='bbox 931 1017 1032 1106; x_wconf 84' lang='lat' dir='ltr'>(urbes</span> <span class='ocrx_word' id='word_1_54' title='bbox 1056 1044 1124 1084; x_wconf 92' lang='lat' dir='ltr'>con-</span> 
     </span>
     <span class='ocr_line' id='line_1_9' title="bbox 233 1107 1124 1195; baseline -0.001 -23"><span class='ocrx_word' id='word_1_55' title='bbox 233 1107 335 1195; x_wconf 90' lang='lat' dir='ltr'>dendi)</span> <span class='ocrx_word' id='word_1_56' title='bbox 358 1115 488 1189; x_wconf 92' lang='lat' dir='ltr'>primum</span> <span class='ocrx_word' id='word_1_57' title='bbox 509 1115 572 1173; x_wconf 87' lang='lat' dir='ltr'>vidi</span> <span class='ocrx_word' id='word_1_58' title='bbox 595 1116 675 1189; x_wconf 89' lang='lat' dir='ltr'>apud</span> <span class='ocrx_word' id='word_1_59' title='bbox 692 1116 835 1173; x_wconf 91' lang='lat' dir='ltr'>Ioannem</span> <span class='ocrx_word' id='word_1_60' title='bbox 853 1114 1047 1172; x_wconf 80' lang='lat' dir='ltr'>Laurentium</span> <span class='ocrx_word' id='word_1_61' title='bbox 1066 1113 1124 1189; x_wconf 87' lang='lat' dir='ltr'>Ly-</span> 
     </span>
     <span class='ocr_line' id='line_1_10' title="bbox 233 1202 1124 1279; baseline -0.001 -18"><span class='ocrx_word' id='word_1_62' title='bbox 233 1204 303 1261; x_wconf 94' lang='lat' dir='ltr'>dum</span> <span class='ocrx_word' id='word_1_63' title='bbox 332 1203 635 1279; x_wconf 90' lang='lat' dir='ltr'>Philadelphiensem,</span> <span class='ocrx_word' id='word_1_64' title='bbox 667 1223 762 1279; x_wconf 90' lang='lat' dir='ltr'>nuper</span> <span class='ocrx_word' id='word_1_65' title='bbox 790 1203 879 1261; x_wconf 88' lang='lat' dir='ltr'>Latio</span> <span class='ocrx_word' id='word_1_66' title='bbox 912 1202 1055 1262; x_wconf 90' lang='lat' dir='ltr'>donatum</span> <span class='ocrx_word' id='word_1_67' title='bbox 1087 1202 1124 1260; x_wconf 89' lang='lat' dir='ltr'>ab</span> 
     </span>
     <span class='ocr_line' id='line_1_11' title="bbox 233 1291 1124 1367; baseline -0.002 -17"><span class='ocrx_word' id='word_1_68' title='bbox 233 1292 431 1352; x_wconf 89' lang='lat' dir='ltr'>eruditissimo</span> <span class='ocrx_word' id='word_1_69' title='bbox 455 1294 549 1350; x_wconf 88' lang='lat' dir='ltr'>amico</span> <span class='ocrx_word' id='word_1_70' title='bbox 572 1292 698 1367; x_wconf 91' lang='lat' dir='ltr'>Iosepho</span> <span class='ocrx_word' id='word_1_71' title='bbox 722 1293 757 1350; x_wconf 91' lang='lat' dir='ltr'>de</span> <span class='ocrx_word' id='word_1_72' title='bbox 780 1292 879 1364; x_wconf 89' lang='lat' dir='ltr'>Iuliis,</span> <span class='ocrx_word' id='word_1_73' title='bbox 907 1294 937 1350; x_wconf 90' lang='lat' dir='ltr'>et</span> <span class='ocrx_word' id='word_1_74' title='bbox 963 1291 1085 1349; x_wconf 87' lang='lat' dir='ltr'>iamiam</span> <span class='ocrx_word' id='word_1_75' title='bbox 1109 1311 1124 1348; x_wconf 92' lang='grc'>6</span> 
     </span>
     <span class='ocr_line' id='line_1_12' title="bbox 232 1379 1124 1457; baseline -0.003 -18"><span class='ocrx_word' id='word_1_76' title='bbox 232 1381 433 1457; x_wconf 87' lang='lat' dir='ltr'>manuscripto</span> <span class='ocrx_word' id='word_1_77' title='bbox 454 1382 533 1456; x_wconf 90' lang='lat' dir='ltr'>apud</span> <span class='ocrx_word' id='word_1_78' title='bbox 551 1381 657 1456; x_wconf 92' lang='lat' dir='ltr'>ipsum,</span> <span class='ocrx_word' id='word_1_79' title='bbox 680 1381 786 1439; x_wconf 91' lang='lat' dir='ltr'>mutilo</span> <span class='ocrx_word' id='word_1_80' title='bbox 806 1381 951 1456; x_wconf 86' lang='lat' dir='ltr'>quamvis,</span> <span class='ocrx_word' id='word_1_81' title='bbox 973 1379 1124 1455; x_wconf 90' lang='lat' dir='ltr'>publicam</span> 
     </span>
     <span class='ocr_line' id='line_1_13' title="bbox 232 1465 1125 1545; baseline -0.001 -18"><span class='ocrx_word' id='word_1_82' title='bbox 232 1470 327 1528; x_wconf 92' lang='lat' dir='ltr'>lucem</span> <span class='ocrx_word' id='word_1_83' title='bbox 350 1469 566 1545; x_wconf 89' lang='lat' dir='ltr'>inspecturum:</span> <span class='ocrx_word' id='word_1_84' title='bbox 595 1470 687 1544; x_wconf 88' lang='lat' dir='ltr'>ratio,</span> <span class='ocrx_word' id='word_1_85' title='bbox 715 1470 846 1544; x_wconf 89' lang='lat' dir='ltr'>inquam,</span> <span class='ocrx_word' id='word_1_86' title='bbox 873 1468 947 1527; x_wconf 88' lang='lat' dir='ltr'>haec</span> <span class='ocrx_word' id='word_1_87' title='bbox 970 1470 1027 1528; x_wconf 90' lang='lat' dir='ltr'>est:</span> <span class='ocrx_word' id='word_1_88' title='bbox 1055 1465 1125 1545; x_wconf 79' lang='grc' dir='ltr'><strong><em>μετὰ</em></strong></span> 
     </span>
     <span class='ocr_line' id='line_1_14' title="bbox 232 1549 1125 1639; baseline -0.004 -21"><span class='ocrx_word' id='word_1_89' title='bbox 232 1555 264 1618; x_wconf 71' lang='lat' dir='ltr'>dd</span> <span class='ocrx_word' id='word_1_90' title='bbox 295 1557 350 1636; x_wconf 81' lang='grc' dir='ltr'>τὴν</span> <span class='ocrx_word' id='word_1_91' title='bbox 370 1591 412 1599; x_wconf 93' lang='grc'><strong>-</strong></span> <span class='ocrx_word' id='word_1_92' title='bbox 430 1553 588 1639; x_wconf 79' lang='grc' dir='ltr'>γονίμ66ς’</span> <span class='ocrx_word' id='word_1_93' title='bbox 621 1550 680 1639; x_wconf 89' lang='grc'>(61.</span> <span class='ocrx_word' id='word_1_94' title='bbox 710 1579 738 1634; x_wconf 89' lang='lat' dir='ltr'>p.</span> <span class='ocrx_word' id='word_1_95' title='bbox 767 1560 843 1632; x_wconf 81' lang='lat'>125,</span> <span class='ocrx_word' id='word_1_96' title='bbox 872 1549 1033 1638; x_wconf 80' lang='lat'><strong>15-20).</strong></span> <span class='ocrx_word' id='word_1_97' title='bbox 1089 1556 1125 1614; x_wconf 88' lang='lat' dir='ltr'>cf.</span> 
     </span>
     <span class='ocr_line' id='line_1_15' title="bbox 231 1647 593 1723; baseline -0.003 -17"><span class='ocrx_word' id='word_1_98' title='bbox 231 1647 319 1708; x_wconf 90' lang='lat' dir='ltr'>Hasii</span> <span class='ocrx_word' id='word_1_99' title='bbox 342 1666 445 1706; x_wconf 90' lang='lat' dir='ltr'>comm.</span> <span class='ocrx_word' id='word_1_100' title='bbox 468 1668 497 1723; x_wconf 92' lang='lat' dir='ltr'>p.</span> <span class='ocrx_word' id='word_1_101' title='bbox 514 1647 593 1706; x_wconf 87' lang='lat' dir='ltr'><strong>LIV.</strong></span> 
     </span>
    </p>
   </div>
   <div class='ocr_carea' id='block_1_4' title="bbox 111 1787 1127 2221">
    <p class='ocr_par' dir='ltr' id='par_1_5' title="bbox 111 1787 1127 2221">
     <span class='ocr_line' id='line_1_16' title="bbox 179 1787 1124 1867; baseline -0.001 -19"><span class='ocrx_word' id='word_1_102' title='bbox 179 1790 370 1848; x_wconf 84' lang='lat' dir='ltr'>Enumeratis</span> <span class='ocrx_word' id='word_1_103' title='bbox 406 1789 499 1867; x_wconf 90' lang='lat' dir='ltr'>igitur</span> <span class='ocrx_word' id='word_1_104' title='bbox 535 1790 587 1863; x_wconf 89' lang='lat' dir='ltr'>iis,</span> <span class='ocrx_word' id='word_1_105' title='bbox 624 1808 700 1864; x_wconf 87' lang='lat' dir='ltr'>quae</span> <span class='ocrx_word' id='word_1_106' title='bbox 737 1789 776 1847; x_wconf 89' lang='lat' dir='ltr'>ad</span> <span class='ocrx_word' id='word_1_107' title='bbox 812 1789 945 1848; x_wconf 91' lang='lat' dir='ltr'>codicum</span> <span class='ocrx_word' id='word_1_108' title='bbox 980 1787 1124 1847; x_wconf 87' lang='lat' dir='ltr'>recensio·</span> 
     </span>
     <span class='ocr_line' id='line_1_17' title="bbox 111 1877 1125 1955; baseline -0.001 -18"><span class='ocrx_word' id='word_1_109' title='bbox 111 1899 181 1938; x_wconf 93' lang='lat' dir='ltr'>nem</span> <span class='ocrx_word' id='word_1_110' title='bbox 203 1879 230 1936; x_wconf 91' lang='lat' dir='ltr'>X</span> <span class='ocrx_word' id='word_1_111' title='bbox 257 1877 412 1936; x_wconf 88' lang='lat' dir='ltr'>referenda</span> <span class='ocrx_word' id='word_1_112' title='bbox 439 1881 508 1938; x_wconf 88' lang='lat' dir='ltr'>sunt</span> <span class='ocrx_word' id='word_1_113' title='bbox 536 1879 726 1955; x_wconf 84' lang='lat' dir='ltr'>apographis,</span> <span class='ocrx_word' id='word_1_114' title='bbox 753 1881 847 1938; x_wconf 87' lang='grc'>161161</span> <span class='ocrx_word' id='word_1_115' title='bbox 874 1881 909 1937; x_wconf 92' lang='lat' dir='ltr'>ut</span> <span class='ocrx_word' id='word_1_116' title='bbox 939 1895 1125 1953; x_wconf 89' lang='lat' dir='ltr'>quaeramus,</span> 
     </span>
     <span class='ocr_line' id='line_1_18' title="bbox 113 1967 1127 2044; baseline -0.002 -19"><span class='ocrx_word' id='word_1_117' title='bbox 113 1967 236 2044; x_wconf 88' lang='lat' dir='ltr'>quinam</span> <span class='ocrx_word' id='word_1_118' title='bbox 258 1985 350 2026; x_wconf 88' lang='lat' dir='ltr'>nexus</span> <span class='ocrx_word' id='word_1_119' title='bbox 372 1967 537 2031; x_wconf 84' lang='lat' dir='ltr'>intercedat</span> <span class='ocrx_word' id='word_1_120' title='bbox 559 1969 638 2025; x_wconf 90' lang='lat' dir='ltr'>inter</span> <span class='ocrx_word' id='word_1_121' title='bbox 660 1967 786 2044; x_wconf 87' lang='lat' dir='ltr'>singula.</span> <span class='ocrx_word' id='word_1_122' title='bbox 829 1986 954 2043; x_wconf 89' lang='lat' dir='ltr'>quorum</span> <span class='ocrx_word' id='word_1_123' title='bbox 972 1969 1127 2041; x_wconf 90' lang='lat' dir='ltr'>tamquam</span> 
     </span>
     <span class='ocr_line' id='line_1_19' title="bbox 112 2054 1125 2133; baseline -0.002 -19"><span class='ocrx_word' id='word_1_124' title='bbox 112 2057 278 2133; x_wconf 90' lang='lat' dir='ltr'>principem</span> <span class='ocrx_word' id='word_1_125' title='bbox 301 2055 432 2120; x_wconf 83' lang='lat' dir='ltr'>codicem</span> <span class='ocrx_word' id='word_1_126' title='bbox 453 2055 482 2113; x_wconf 84' lang='lat' dir='ltr'>A</span> <span class='ocrx_word' id='word_1_127' title='bbox 501 2074 563 2115; x_wconf 89' lang='grc'>6116</span> <span class='ocrx_word' id='word_1_128' title='bbox 581 2057 643 2114; x_wconf 88' lang='lat' dir='ltr'>iam</span> <span class='ocrx_word' id='word_1_129' title='bbox 662 2075 751 2132; x_wconf 90' lang='lat' dir='ltr'>supra</span> <span class='ocrx_word' id='word_1_130' title='bbox 770 2057 906 2130; x_wconf 83' lang='lat' dir='ltr'>diximus,</span> <span class='ocrx_word' id='word_1_131' title='bbox 930 2056 982 2131; x_wconf 93' lang='lat' dir='ltr'>qui</span> <span class='ocrx_word' id='word_1_132' title='bbox 1001 2057 1031 2112; x_wconf 93' lang='lat' dir='ltr'>et</span> <span class='ocrx_word' id='word_1_133' title='bbox 1049 2054 1125 2113; x_wconf 89' lang='lat' dir='ltr'>anti-</span> 
     </span>
     <span class='ocr_line' id='line_1_20' title="bbox 114 2144 1126 2221; baseline -0.002 -19"><span class='ocrx_word' id='word_1_134' title='bbox 114 2145 272 2221; x_wconf 88' lang='lat' dir='ltr'>quissimus</span> <span class='ocrx_word' id='word_1_135' title='bbox 304 2147 348 2203; x_wconf 88' lang='lat' dir='ltr'>cst</span> <span class='ocrx_word' id='word_1_136' title='bbox 378 2147 409 2213; x_wconf 84' lang='grc'>61</span> <span class='ocrx_word' id='word_1_137' title='bbox 434 2144 580 2204; x_wconf 88' lang='lat' dir='ltr'>Italorum</span> <span class='ocrx_word' id='word_1_138' title='bbox 609 2145 784 2204; x_wconf 89' lang='lat' dir='ltr'>coniecturis</span> <span class='ocrx_word' id='word_1_139' title='bbox 811 2145 933 2203; x_wconf 88' lang='lat' dir='ltr'>minime</span> <span class='ocrx_word' id='word_1_140' title='bbox 961 2145 1126 2219; x_wconf 87' lang='lat' dir='ltr'>corruptus.</span> 
     </span>
    </p>
   </div>
   <div class='ocr_carea' id='block_1_5' title="bbox 112 2231 1127 2488">
    <p class='ocr_par' dir='ltr' id='par_1_6' title="bbox 112 2231 1127 2488">
     <span class='ocr_line' id='line_1_21' title="bbox 112 2231 1127 2312; baseline -0.004 -20"><span class='ocrx_word' id='word_1_141' title='bbox 112 2252 210 2309; x_wconf 88' lang='lat' dir='ltr'>neque</span> <span class='ocrx_word' id='word_1_142' title='bbox 232 2237 333 2292; x_wconf 89' lang='lat' dir='ltr'>tamen</span> <span class='ocrx_word' id='word_1_143' title='bbox 360 2232 423 2308; x_wconf 91' lang='lat' dir='ltr'>ipse</span> <span class='ocrx_word' id='word_1_144' title='bbox 451 2237 533 2292; x_wconf 89' lang='lat' dir='ltr'>recta</span> <span class='ocrx_word' id='word_1_145' title='bbox 559 2235 610 2293; x_wconf 83' lang='lat' dir='ltr'>via</span> <span class='ocrx_word' id='word_1_146' title='bbox 637 2253 673 2291; x_wconf 90' lang='grc'>61</span> <span class='ocrx_word' id='word_1_147' title='bbox 700 2235 815 2312; x_wconf 90' lang='lat' dir='ltr'>integro</span> <span class='ocrx_word' id='word_1_148' title='bbox 840 2234 941 2308; x_wconf 90' lang='lat' dir='ltr'>aliquo</span> <span class='ocrx_word' id='word_1_149' title='bbox 965 2231 1127 2306; x_wconf 87' lang='lat' dir='ltr'>exemplari</span> 
     </span>
     <span class='ocr_line' id='line_1_22' title="bbox 112 2321 1127 2398; baseline -0.005 -17"><span class='ocrx_word' id='word_1_150' title='bbox 112 2323 249 2397; x_wconf 85' lang='lat' dir='ltr'>Lydiano</span> <span class='ocrx_word' id='word_1_151' title='bbox 269 2321 432 2398; x_wconf 87' lang='lat' dir='ltr'>exscriptus</span> <span class='ocrx_word' id='word_1_152' title='bbox 455 2325 509 2396; x_wconf 92' lang='lat' dir='ltr'>est,</span> <span class='ocrx_word' id='word_1_153' title='bbox 531 2323 622 2384; x_wconf 90' lang='lat' dir='ltr'>immo</span> <span class='ocrx_word' id='word_1_154' title='bbox 645 2323 684 2398; x_wconf 80' lang='lat' dir='ltr'>id,</span> <span class='ocrx_word' id='word_1_155' title='bbox 708 2341 723 2380; x_wconf 91' lang='grc'>6</span> <span class='ocrx_word' id='word_1_156' title='bbox 744 2341 801 2398; x_wconf 92' lang='lat' dir='ltr'>quo</span> <span class='ocrx_word' id='word_1_157' title='bbox 820 2322 913 2395; x_wconf 88' lang='lat' dir='ltr'>fluxit,</span> <span class='ocrx_word' id='word_1_158' title='bbox 932 2321 1127 2395; x_wconf 80' lang='lat' dir='ltr'>archetypum</span> 
     </span>
     <span class='ocr_line' id='line_1_23' title="bbox 113 2409 1126 2488; baseline -0.004 -18"><span class='ocrx_word' id='word_1_159' title='bbox 113 2411 346 2486; x_wconf 75' lang='lat' dir='ltr'>componebatur</span> <span class='ocrx_word' id='word_1_160' title='bbox 376 2429 391 2468; x_wconf 94' lang='lat' dir='ltr'>e</span> <span class='ocrx_word' id='word_1_161' title='bbox 422 2410 547 2488; x_wconf 92' lang='lat' dir='ltr'>singulis</span> <span class='ocrx_word' id='word_1_162' title='bbox 577 2411 729 2470; x_wconf 87' lang='lat' dir='ltr'>variorum</span> <span class='ocrx_word' id='word_1_163' title='bbox 758 2413 913 2469; x_wconf 91' lang='lat' dir='ltr'>auctorum</span> <span class='ocrx_word' id='word_1_164' title='bbox 941 2409 1126 2486; x_wconf 84' lang='lat' dir='ltr'>fragmentis.</span> 
     </span>
    </p>
   </div>
   <div class='ocr_carea' id='block_1_6' title="bbox 111 2497 1127 3731">
    <p class='ocr_par' dir='ltr' id='par_1_7' title="bbox 111 2497 1127 3731">
     <span class='ocr_line' id='line_1_24' title="bbox 114 2497 1126 2575; baseline -0.001 -18"><span class='ocrx_word' id='word_1_165' title='bbox 114 2517 205 2575; x_wconf 91' lang='lat' dir='ltr'>quarn</span> <span class='ocrx_word' id='word_1_166' title='bbox 228 2499 406 2559; x_wconf 90' lang='lat' dir='ltr'>sententiam</span> <span class='ocrx_word' id='word_1_167' title='bbox 429 2517 531 2562; x_wconf 83' lang='lat' dir='ltr'>veram</span> <span class='ocrx_word' id='word_1_168' title='bbox 554 2519 616 2558; x_wconf 91' lang='lat' dir='ltr'>esse</span> <span class='ocrx_word' id='word_1_169' title='bbox 640 2500 860 2558; x_wconf 88' lang='lat' dir='ltr'>demonstratur</span> <span class='ocrx_word' id='word_1_170' title='bbox 883 2518 930 2571; x_wconf 89' lang='lat' dir='ltr'>eo,</span> <span class='ocrx_word' id='word_1_171' title='bbox 954 2497 1033 2573; x_wconf 92' lang='lat' dir='ltr'>quod</span> <span class='ocrx_word' id='word_1_172' title='bbox 1056 2499 1126 2556; x_wconf 89' lang='lat' dir='ltr'>ante</span> 
     </span>
     <span class='ocr_line' id='line_1_25' title="bbox 111 2581 1125 2664; baseline -0.005 -16"><span class='ocrx_word' id='word_1_173' title='bbox 111 2588 337 2664; x_wconf 81' lang='lat' dir='ltr'>inscriptionem</span> <span class='ocrx_word' id='word_1_174' title='bbox 359 2584 391 2647; x_wconf 77' lang='grc' dir='ltr'>ἐκ</span> <span class='ocrx_word' id='word_1_175' title='bbox 414 2595 472 2647; x_wconf 76' lang='grc' dir='ltr'>τῶν</span> <span class='ocrx_word' id='word_1_176' title='bbox 494 2595 547 2647; x_wconf 79' lang='grc' dir='ltr'>τοῦ</span> <span class='ocrx_word' id='word_1_177' title='bbox 566 2581 708 2648; x_wconf 84' lang='grc' dir='ltr'><em>Ἰωάννου</em></span> <span class='ocrx_word' id='word_1_178' title='bbox 731 2595 783 2648; x_wconf 80' lang='grc' dir='ltr'>τοῦ</span> <span class='ocrx_word' id='word_1_179' title='bbox 808 2583 1023 2664; x_wconf 78' lang='grc' dir='ltr'>Φιλαδελφὲως,</span> <span class='ocrx_word' id='word_1_180' title='bbox 1050 2605 1125 2663; x_wconf 90' lang='lat' dir='ltr'>quae</span> 
     </span>
     <span class='ocr_line' id='line_1_26' title="bbox 112 2677 1127 2754; baseline -0.002 -18"><span class='ocrx_word' id='word_1_181' title='bbox 112 2697 175 2736; x_wconf 89' lang='lat' dir='ltr'>non</span> <span class='ocrx_word' id='word_1_182' title='bbox 197 2677 229 2735; x_wconf 91' lang='lat' dir='ltr'>in</span> <span class='ocrx_word' id='word_1_183' title='bbox 255 2677 403 2754; x_wconf 87' lang='lat' dir='ltr'>margine,</span> <span class='ocrx_word' id='word_1_184' title='bbox 431 2677 483 2736; x_wconf 90' lang='lat' dir='ltr'>sed</span> <span class='ocrx_word' id='word_1_185' title='bbox 509 2677 540 2734; x_wconf 91' lang='lat' dir='ltr'>in</span> <span class='ocrx_word' id='word_1_186' title='bbox 567 2678 633 2753; x_wconf 93' lang='lat' dir='ltr'>ipso</span> <span class='ocrx_word' id='word_1_187' title='bbox 660 2696 747 2736; x_wconf 89' lang='lat' dir='ltr'>versu</span> <span class='ocrx_word' id='word_1_188' title='bbox 774 2677 898 2754; x_wconf 84' lang='lat' dir='ltr'>legitur,</span> <span class='ocrx_word' id='word_1_189' title='bbox 925 2677 1127 2754; x_wconf 87' lang='lat' dir='ltr'>fragmentum</span> 
     </span>
     <span class='ocr_line' id='line_1_27' title="bbox 114 2765 1125 2842; baseline -0.002 -18"><span class='ocrx_word' id='word_1_190' title='bbox 114 2765 238 2842; x_wconf 86' lang='lat' dir='ltr'>aliquod</span> <span class='ocrx_word' id='word_1_191' title='bbox 261 2769 352 2840; x_wconf 87' lang='grc'>61161,</span> <span class='ocrx_word' id='word_1_192' title='bbox 376 2765 455 2840; x_wconf 91' lang='lat' dir='ltr'>quod</span> <span class='ocrx_word' id='word_1_193' title='bbox 479 2786 494 2823; x_wconf 93' lang='lat' dir='ltr'>e</span> <span class='ocrx_word' id='word_1_194' title='bbox 517 2765 593 2825; x_wconf 90' lang='lat' dir='ltr'>libro</span> <span class='ocrx_word' id='word_1_195' title='bbox 613 2767 742 2841; x_wconf 90' lang='lat' dir='ltr'>quodam</span> <span class='ocrx_word' id='word_1_196' title='bbox 760 2766 796 2824; x_wconf 93' lang='grc'>16</span> <span class='ocrx_word' id='word_1_197' title='bbox 815 2766 939 2826; x_wconf 89' lang='lat' dir='ltr'>ostentis</span> <span class='ocrx_word' id='word_1_198' title='bbox 959 2765 1125 2840; x_wconf 91' lang='lat' dir='ltr'>conscripto</span> 
     </span>
     <span class='ocr_line' id='line_1_28' title="bbox 114 2853 1126 2929; baseline -0.004 -15"><span class='ocrx_word' id='word_1_199' title='bbox 114 2855 272 2914; x_wconf 89' lang='lat' dir='ltr'>oriundum</span> <span class='ocrx_word' id='word_1_200' title='bbox 296 2873 358 2914; x_wconf 89' lang='lat' dir='ltr'>esse</span> <span class='ocrx_word' id='word_1_201' title='bbox 381 2857 479 2929; x_wconf 82' lang='lat' dir='ltr'>patet3</span> <span class='ocrx_word' id='word_1_202' title='bbox 506 2855 593 2913; x_wconf 90' lang='lat' dir='ltr'>valde</span> <span class='ocrx_word' id='word_1_203' title='bbox 617 2857 718 2912; x_wconf 88' lang='lat' dir='ltr'>autem</span> <span class='ocrx_word' id='word_1_204' title='bbox 739 2856 847 2913; x_wconf 91' lang='lat' dir='ltr'>mirum</span> <span class='ocrx_word' id='word_1_205' title='bbox 871 2857 961 2929; x_wconf 86' lang='lat' dir='ltr'>esset,</span> <span class='ocrx_word' id='word_1_206' title='bbox 988 2855 1014 2914; x_wconf 92' lang='grc'>11</span> <span class='ocrx_word' id='word_1_207' title='bbox 1036 2853 1126 2911; x_wconf 89' lang='lat' dir='ltr'>libra-</span> 
     </span>
     <span class='ocr_line' id='line_1_29' title="bbox 111 2942 1127 3004; baseline -0.002 -3"><span class='ocrx_word' id='word_1_208' title='bbox 111 2944 175 3002; x_wconf 87' lang='lat' dir='ltr'>rius</span> <span class='ocrx_word' id='word_1_209' title='bbox 200 2943 307 3002; x_wconf 87' lang='lat' dir='ltr'>codicis</span> <span class='ocrx_word' id='word_1_210' title='bbox 330 2943 358 3000; x_wconf 87' lang='lat' dir='ltr'>A</span> <span class='ocrx_word' id='word_1_211' title='bbox 380 2943 457 3000; x_wconf 91' lang='lat' dir='ltr'>libro</span> <span class='ocrx_word' id='word_1_212' title='bbox 480 2943 533 3001; x_wconf 91' lang='lat' dir='ltr'>illo</span> <span class='ocrx_word' id='word_1_213' title='bbox 557 2945 592 3002; x_wconf 92' lang='lat' dir='ltr'>de</span> <span class='ocrx_word' id='word_1_214' title='bbox 616 2945 740 3003; x_wconf 90' lang='lat' dir='ltr'>ostentis</span> <span class='ocrx_word' id='word_1_215' title='bbox 763 2945 882 3004; x_wconf 90' lang='lat' dir='ltr'>evoluto</span> <span class='ocrx_word' id='word_1_216' title='bbox 906 2945 954 3003; x_wconf 88' lang='lat' dir='ltr'>sat</span> <span class='ocrx_word' id='word_1_217' title='bbox 974 2942 1127 3001; x_wconf 88' lang='lat' dir='ltr'>habuisset</span> 
     </span>
     <span class='ocr_line' id='line_1_30' title="bbox 113 3033 1126 3110; baseline -0.003 -20"><span class='ocrx_word' id='word_1_218' title='bbox 113 3051 206 3090; x_wconf 91' lang='lat' dir='ltr'>unam</span> <span class='ocrx_word' id='word_1_219' title='bbox 227 3034 346 3090; x_wconf 89' lang='lat' dir='ltr'>tantum</span> <span class='ocrx_word' id='word_1_220' title='bbox 365 3033 542 3108; x_wconf 86' lang='lat' dir='ltr'>excerpsisse</span> <span class='ocrx_word' id='word_1_221' title='bbox 561 3034 783 3110; x_wconf 87' lang='lat' dir='ltr'>paragraphum</span> <span class='ocrx_word' id='word_1_222' title='bbox 801 3034 962 3108; x_wconf 89' lang='lat' dir='ltr'>statimque</span> <span class='ocrx_word' id='word_1_223' title='bbox 981 3051 1011 3091; x_wconf 89' lang='grc'>16</span> <span class='ocrx_word' id='word_1_224' title='bbox 1029 3034 1126 3102; x_wconf 87' lang='lat' dir='ltr'>trans-</span> 
     </span>
     <span class='ocr_line' id='line_1_31' title="bbox 112 3120 1126 3196; baseline -0.006 -16"><span class='ocrx_word' id='word_1_225' title='bbox 112 3121 233 3180; x_wconf 85' lang='lat' dir='ltr'>tulisset</span> <span class='ocrx_word' id='word_1_226' title='bbox 256 3121 287 3179; x_wconf 93' lang='lat' dir='ltr'>in</span> <span class='ocrx_word' id='word_1_227' title='bbox 310 3120 419 3179; x_wconf 90' lang='lat' dir='ltr'>librum</span> <span class='ocrx_word' id='word_1_228' title='bbox 441 3120 610 3196; x_wconf 87' lang='lat' dir='ltr'>Lydianum</span> <span class='ocrx_word' id='word_1_229' title='bbox 633 3122 669 3179; x_wconf 92' lang='lat' dir='ltr'>de</span> <span class='ocrx_word' id='word_1_230' title='bbox 690 3121 848 3182; x_wconf 89' lang='lat' dir='ltr'>mensibus.</span> <span class='ocrx_word' id='word_1_231' title='bbox 888 3123 921 3179; x_wconf 89' lang='lat' dir='ltr'>at</span> <span class='ocrx_word' id='word_1_232' title='bbox 943 3121 1055 3196; x_wconf 92' lang='lat' dir='ltr'>optime</span> <span class='ocrx_word' id='word_1_233' title='bbox 1079 3137 1126 3175; x_wconf 85' lang='lat' dir='ltr'>ex-</span> 
     </span>
     <span class='ocr_line' id='line_1_32' title="bbox 113 3208 1126 3286; baseline -0.004 -18"><span class='ocrx_word' id='word_1_234' title='bbox 113 3210 245 3286; x_wconf 90' lang='lat' dir='ltr'>plicatur</span> <span class='ocrx_word' id='word_1_235' title='bbox 276 3210 492 3269; x_wconf 89' lang='lat' dir='ltr'>inconcinnitas</span> <span class='ocrx_word' id='word_1_236' title='bbox 529 3210 600 3283; x_wconf 89' lang='lat' dir='ltr'>ista,</span> <span class='ocrx_word' id='word_1_237' title='bbox 637 3212 663 3268; x_wconf 91' lang='lat' dir='ltr'>si</span> <span class='ocrx_word' id='word_1_238' title='bbox 695 3211 850 3285; x_wconf 87' lang='lat' dir='ltr'>sumimus,</span> <span class='ocrx_word' id='word_1_239' title='bbox 885 3210 1024 3268; x_wconf 89' lang='lat' dir='ltr'>habuisse</span> <span class='ocrx_word' id='word_1_240' title='bbox 1056 3208 1126 3265; x_wconf 89' lang='lat' dir='ltr'>ante</span> 
     </span>
     <span class='ocr_line' id='line_1_33' title="bbox 115 3295 1127 3372; baseline -0.005 -15"><span class='ocrx_word' id='word_1_241' title='bbox 115 3300 215 3358; x_wconf 88' lang='lat' dir='ltr'>oculos</span> <span class='ocrx_word' id='word_1_242' title='bbox 242 3299 400 3357; x_wconf 90' lang='lat' dir='ltr'>Barberini</span> <span class='ocrx_word' id='word_1_243' title='bbox 429 3297 537 3358; x_wconf 87' lang='lat' dir='ltr'>codicis</span> <span class='ocrx_word' id='word_1_244' title='bbox 568 3301 718 3357; x_wconf 89' lang='lat' dir='ltr'>auctorem</span> <span class='ocrx_word' id='word_1_245' title='bbox 746 3300 948 3359; x_wconf 91' lang='lat' dir='ltr'>collectionem</span> <span class='ocrx_word' id='word_1_246' title='bbox 977 3295 1127 3372; x_wconf 90' lang='lat' dir='ltr'>quandam</span> 
     </span>
     <span class='ocr_line' id='line_1_34' title="bbox 114 3387 1126 3465; baseline -0.001 -20"><span class='ocrx_word' id='word_1_247' title='bbox 114 3407 130 3445; x_wconf 90' lang='grc'>6</span> <span class='ocrx_word' id='word_1_248' title='bbox 155 3387 305 3447; x_wconf 84' lang='lat' dir='ltr'>variorum</span> <span class='ocrx_word' id='word_1_249' title='bbox 328 3391 482 3446; x_wconf 90' lang='lat' dir='ltr'>auctorum</span> <span class='ocrx_word' id='word_1_250' title='bbox 504 3388 589 3447; x_wconf 88' lang='lat' dir='ltr'>libris</span> <span class='ocrx_word' id='word_1_251' title='bbox 613 3389 789 3447; x_wconf 88' lang='lat' dir='ltr'>confectam:</span> <span class='ocrx_word' id='word_1_252' title='bbox 819 3410 833 3447; x_wconf 92' lang='grc'>6</span> <span class='ocrx_word' id='word_1_253' title='bbox 858 3407 917 3465; x_wconf 91' lang='lat' dir='ltr'>qua</span> <span class='ocrx_word' id='word_1_254' title='bbox 940 3405 1006 3445; x_wconf 93' lang='lat' dir='ltr'>cum</span> <span class='ocrx_word' id='word_1_255' title='bbox 1029 3387 1126 3444; x_wconf 90' lang='lat' dir='ltr'>trans-</span> 
     </span>
     <span class='ocr_line' id='line_1_35' title="bbox 113 3473 1127 3553; baseline -0.003 -18"><span class='ocrx_word' id='word_1_256' title='bbox 113 3477 192 3535; x_wconf 89' lang='lat' dir='ltr'>ferre</span> <span class='ocrx_word' id='word_1_257' title='bbox 219 3477 311 3535; x_wconf 85' lang='lat' dir='ltr'>vellet</span> <span class='ocrx_word' id='word_1_258' title='bbox 337 3475 486 3552; x_wconf 85' lang='lat' dir='ltr'>Lydiana,</span> <span class='ocrx_word' id='word_1_259' title='bbox 513 3477 652 3535; x_wconf 90' lang='lat' dir='ltr'>ultimum</span> <span class='ocrx_word' id='word_1_260' title='bbox 679 3497 780 3537; x_wconf 90' lang='lat' dir='ltr'>eorum</span> <span class='ocrx_word' id='word_1_261' title='bbox 808 3497 883 3553; x_wconf 88' lang='lat' dir='ltr'>quae</span> <span class='ocrx_word' id='word_1_262' title='bbox 910 3473 1127 3552; x_wconf 89' lang='lat' dir='ltr'>praecedebant</span> 
     </span>
     <span class='ocr_line' id='line_1_36' title="bbox 113 3565 1127 3644; baseline -0.002 -20"><span class='ocrx_word' id='word_1_263' title='bbox 113 3566 317 3644; x_wconf 78' lang='lat' dir='ltr'>fragmentum</span> <span class='ocrx_word' id='word_1_264' title='bbox 339 3585 399 3624; x_wconf 90' lang='lat' dir='ltr'>una</span> <span class='ocrx_word' id='word_1_265' title='bbox 422 3566 585 3642; x_wconf 83' lang='lat' dir='ltr'>exscripsit,</span> <span class='ocrx_word' id='word_1_266' title='bbox 609 3568 697 3643; x_wconf 91' lang='lat' dir='ltr'>quod,</span> <span class='ocrx_word' id='word_1_267' title='bbox 721 3568 855 3643; x_wconf 79' lang='lat' dir='ltr'>quamvis</span> <span class='ocrx_word' id='word_1_268' title='bbox 876 3565 1037 3639; x_wconf 89' lang='lat' dir='ltr'>intellecto,</span> <span class='ocrx_word' id='word_1_269' title='bbox 1060 3583 1127 3623; x_wconf 93' lang='lat' dir='ltr'>cum</span> 
     </span>
     <span class='ocr_line' id='line_1_37' title="bbox 112 3653 1126 3731; baseline 0 -19"><span class='ocrx_word' id='word_1_270' title='bbox 112 3654 238 3713; x_wconf 90' lang='lat' dir='ltr'>titulum</span> <span class='ocrx_word' id='word_1_271' title='bbox 270 3653 423 3730; x_wconf 84' lang='lat' dir='ltr'>scriberet,</span> <span class='ocrx_word' id='word_1_272' title='bbox 456 3674 566 3731; x_wconf 89' lang='lat' dir='ltr'>errore,</span> <span class='ocrx_word' id='word_1_273' title='bbox 599 3656 695 3714; x_wconf 90' lang='lat' dir='ltr'>delere</span> <span class='ocrx_word' id='word_1_274' title='bbox 727 3657 831 3716; x_wconf 89' lang='lat' dir='ltr'>noluit.</span> <span class='ocrx_word' id='word_1_275' title='bbox 882 3658 927 3714; x_wconf 89' lang='lat' dir='ltr'>est</span> <span class='ocrx_word' id='word_1_276' title='bbox 958 3657 1058 3713; x_wconf 89' lang='lat' dir='ltr'>autem</span> <span class='ocrx_word' id='word_1_277' title='bbox 1091 3671 1126 3712; x_wconf 84' lang='grc'>66</span> 
     </span>
    </p>
   </div>
   <div class='ocr_carea' id='block_1_7' title="bbox 0 0 1401 4222">
    <p class='ocr_par' dir='ltr' id='par_1_8' title="bbox 0 0 1401 4222">
     <span class='ocr_line' id='line_1_38' title="bbox 0 0 1401 4222; baseline 0 0"><span class='ocrx_word' id='word_1_278' title='bbox 0 0 1401 4222; x_wconf 95' lang='lat' dir='ltr'> </span> 
     </span>
    </p>
   </div>
  </div>
 </body>
</html>
