2760 4234
269 293 332 358 178
500 291 728 346 FRAGMENTA
746 290 927 346 mcssssTAE
947 290 1046 345 SEDIS

402 635 704 710 FRAGMENTA
729 635 976 708 INCERTAE
1006 633 1147 708 SEDIS.

234 806 252 859 S
336 796 352 858 1
379 803 460 870 (163).
475 791 545 859 Ὅτι
566 793 764 878 στρατιώτης
777 817 827 868 τις
845 791 1025 868 ἀκόλαστος
1044 791 1081 856 ἐν
1091 790 1202 873 <Δα>·
1212 801 1332 860 ᾶεεετΒι

270 902 446 977 δαστάνοις
469 900 606 966 ἐπέθετο
630 897 764 982 γυναικὶ
790 899 940 983 σώφρονι
963 901 1154 982 βιαζόμενος
1177 897 1281 981 αὐτήν

269 1010 352 1094 πρὸς
375 1008 520 1092 ὁμιλίαν·
548 1016 606 1091 της
629 1002 666 1070 δέ
693 1004 970 1091 παραιτουμένης,
998 1006 1042 1081 ὡς
1069 1006 1173 1080 πολὺς
1197 1000 1239 1086 ήν
1262 1004 1280 1070 6

245 1117 422 1201 εφθορεὺς
445 1113 662 1197 ἐπικείμενος,
690 1113 773 1198 πρὸς
795 1111 940 1194 αὐτὸνή
968 1114 1054 1194 γυνή
1081 1129 1199 1195 φησιν,
1227 1112 1281 1193 ὡς,

272 1224 300 1287 εί
324 1219 475 1305 ἀφέξεται
500 1219 611 1303 αὐτῆς,
633 1220 797 1304 παράσχοι
820 1219 951 1294 πάντως
970 1219 1145 1304 φάρμακον
1162 1219 1199 1282 τὸ
1219 1227 1281 1282 σῶ-

272 1333 328 1407 ζον
351 1327 454 1392 αὐτὸν
476 1325 670 1410 ἀπήμαντον
692 1324 755 1390 ἀπὸ
778 1323 905 1409 ξίφους,
927 1323 982 1390 καὶ
1001 1332 1179 1391 θανατωσα
1196 1321 1281 1410 ὑπὲρ

271 1444 329 1518 τῆς
352 1434 468 1508 αἰδοῦς
489 1436 623 1497 πείθειν
646 1430 740 1514 ἠξίου
763 1431 876 1514 αὐτόν,
905 1430 957 1496 ἐπὶ
980 1440 1041 1496 τοῦ
1067 1429 1183 1515 ἑαυτῆς
1205 1455 1282 1516 τρα-

272 1542 376 1624 χήλου
398 1540 460 1622 τήν
482 1549 601 1623 πεῖραν
624 1541 752 1621 λαβεῖν·
776 1535 793 1602 6
818 1533 854 1601 δέ
876 1536 1000 1620 πλήξας
1024 1537 1128 1620 αὐτήν
1146 1547 1204 1621 τῆς
1221 1534 1284 1621 μέν
1377 1615 1378 1622 ¹

233 1673 259 1713 ιο
274 1646 453 1729 ἐπιθυμίας
486 1643 621 1728 ἑαυτὸν,
659 1643 788 1728 ἐκείνην
820 1639 857 1708 δέ
887 1653 946 1726 τῆς
978 1649 1059 1727 ζωῆς
1091 1644 1282 1729 ἐζημίωσεν

168 1765 308 1821 seedren.
324 1753 406 1817 ὥστε
430 1746 522 1816 οἶδεν
545 1751 562 1816 6
586 1753 705 1836 χρόνος
723 1751 804 1835 μετὰ
821 1751 881 1814 τὸν
899 1754 1106 1835 Σθενεβοίας
1125 1755 1284 1836 Βελλερο-

273 1861 401 1942 φόντην
428 1855 483 1922 καί
511 1855 638 1940 Τέννην
664 1858 725 1922 τὸν
746 1855 976 1940 Ἀλφεσιβοίας
1002 1856 1057 1923 καί
1084 1856 1198 1941 Πηλέα
1224 1858 1285 1922 τὸν

269 1963 504 2047 Ἀστυδαμείας
530 1961 585 2028 καί
604 1963 800 2029 Ἱππόλυτον
826 1963 887 2027 τὸν
913 1966 1021 2030 πολὺν
1043 1963 1097 2029 καί
1120 1965 1181 2054 τήν
1203 1960 1279 2028 καθ’

272 2072 357 2155 ήμᾶς
380 2071 553 2155 σώφρωνα.

240 2189 257 2243 S
341 2177 361 2240 2
383 2185 465 2253 (164).
475 2174 546 2241 Ὅτι
558 2176 575 2242 6
586 2178 693 2260 Τάγης
702 2178 784 2241 κατὰ
797 2178 875 2253 τοὺς
889 2176 1088 2261 λεγομένους
1096 2183 1211 2262 κλιμα-
1220 2187 1342 2243 deestssr

234 2314 260 2353 ιε
274 2286 394 2370 τάρχας
414 2283 600 2368 ἐμφύεσθαι
622 2283 708 2362 ἀξιοῖ
721 2294 790 2360 τοῖς
810 2282 990 2368 ἑκασταχοῦ
1008 2283 1196 2368 γινομένοις
1215 2286 1286 2348 δαί-

275 2415 378 2476 μονας
398 2391 566 2474 ὑπηκόους
585 2389 730 2475 ἐκείνων,
753 2392 814 2474 τήν
832 2401 900 2456 τῶν
918 2389 1051 2476 ἐφόρων
1069 2392 1213 2475 δύναμιν
1232 2389 1285 2454 ἐπὶ

275 2510 342 2562 τῶν
365 2497 591 2583 ἀνθρωπίνων
612 2496 763 2583 πράξεων
789 2496 1072 2581 ἐνδεικνυμένους,
1100 2489 1173 2562 οἷον
1197 2500 1287 2582 Θρᾷ·

275 2628 334 2679 κας
357 2599 418 2686 μὲν
445 2605 593 2688 ἅρπαγας
620 2602 674 2668 καὶ
703 2605 813 2688 ὠμοὺς
840 2605 896 2669 διά
918 2603 980 2687 τήν
1003 2614 1064 2669 τοῦ
1077 2603 1194 2690 ’Ἀρεος
1218 2603 1287 2668 ἐπι-

237 2737 263 2776 εο
276 2709 444 2793 κράτειαν,
477 2711 555 2784 τοὺς
587 2705 624 2773 δέ
655 2710 739 2795 πρὸς
770 2719 808 2796 τῇ
842 2708 907 2796 έώηι
935 2712 1083 2796 θερμούς
1111 2734 1204 2786 τινας
1230 2709 1287 2775 καὶ

277 2823 403 2900 χρυσοῦ
434 2812 577 2899 ἐρῶντας
608 2813 663 2879 καί
695 2814 771 2901 περὶ
803 2817 862 2880 τὸν
897 2817 1019 2882 τούτου
1050 2821 1156 2903 πόρον
1185 2817 1288 2902 ἀγρυ-

277 2930 453 3004 πνοῦντας,
477 2912 531 2985 οία
553 2921 702 3005 ήλιακοῑς
724 2923 880 3006 δαίμοσιν
904 2921 1112 3007 ἐγκειμένους
1134 2920 1287 3008 καὶπερὶ

276 3028 338 3112 τήν
359 3027 442 3116 ήλίφ
466 3026 686 3113 ἀνακειμένην
707 3029 792 3113 ὕλην
815 3029 1092 3114 ἀναφερομένους.

344 3135 364 3199 3
385 3143 468 3210 (165).
478 3132 549 3199 Ὅτι
564 3133 581 3200 6
597 3135 792 3218 Αὔγουστος
805 3137 959 3201 καθελὼν
967 3135 1147 3202 ’Λντώνιον
1159 3134 1214 3200 καί
1224 3147 1348 3201 deesfflr

347 3330 372 3364 v.
388 3316 403 3363 2
423 3308 605 3373 ἐνδαστοίνοις
624 3309 651 3379 S,
671 3309 701 3365 ἐν
720 3309 961 3382 <Δα>δαστάνοις
982 3310 1119 3382 temptavi
1191 3316 1223 3364 11
1244 3308 1289 3365 ὅτι

277 3384 419 3453 σώφρονες
432 3379 573 3448 Ἑλλήνων
592 3377 681 3435 οὗτοι·
706 3379 926 3451 Βελλεροφόντης
940 3380 1115 3454 Σθενεβοίας
1133 3383 1181 3436 καὶ
1202 3378 1290 3451 Τέλης

272 3450 462 3524 Ἀλφεσιβοίας
486 3454 534 3507 κοιλ
558 3453 665 3522 Πηλεδς
686 3451 880 3521 Ἀστυδαμείας
905 3455 954 3507 καὶ
974 3451 1137 3516 Ἱππόλυτος
1163 3449 1291 3520 Φαίδρας

278 3523 377 3594 Georg.
398 3523 512 3578 Cedren.
533 3523 599 3578 hist.
623 3541 711 3594 comp.
731 3544 757 3594 p.
773 3529 838 3591 296,
854 3525 983 3579 16B0nn.
1071 3530 1104 3579 16
1123 3523 1240 3579 ἑκάστου
1260 3525 1290 3592 S,

278 3611 346 3649 corr.
362 3594 413 3650 Gu.
428 3595 508 3649 Kroll
571 3601 604 3648 23
622 3595 672 3651 τὸν
690 3595 770 3665 ήλιου
789 3595 815 3664 S,
836 3611 908 3665 quae
928 3595 1033 3650 correxi
1097 3601 1177 3662 §165
1196 3595 1289 3665 primo

278 3665 397 3720 fortasse
415 3665 488 3720 libro
507 3670 550 3720 est
567 3665 737 3721 vindicanda
809 3671 844 3719 24
862 3665 1018 3722 ἀντωνίνον
1036 3667 1058 3721 S
