<?xml version="1.0" encoding="UTF-8"?>
<!DOCTYPE html PUBLIC "-//W3C//DTD XHTML 1.0 Transitional//EN"
    "http://www.w3.org/TR/xhtml1/DTD/xhtml1-transitional.dtd">
<html xmlns="http://www.w3.org/1999/xhtml" xml:lang="en" lang="en">
 <head>
  <title>
</title>
<meta http-equiv="Content-Type" content="text/html;charset=utf-8" />
  <meta name='ocr-system' content='tesseract 3.04.00' />
  <meta name='ocr-capabilities' content='ocr_page ocr_carea ocr_par ocr_line ocrx_word'/>
</head>
<body>
  <div class='ocr_page' id='page_1' title='image "./ioannislaurenti02wuengoog_0128.png"; bbox 0 0 2790 4214; ppageno 0'>
   <div class='ocr_carea' id='block_1_1' title="bbox 513 283 1140 349">
    <p class='ocr_par' dir='ltr' id='par_1_1' title="bbox 513 283 1140 349">
     <span class='ocr_line' id='line_1_1' title="bbox 513 283 1140 349; baseline 0 -11"><span class='ocrx_word' id='word_1_1' title='bbox 513 283 623 338; x_wconf 79' lang='lat' dir='ltr'>LIBER</span> <span class='ocrx_word' id='word_1_2' title='bbox 640 283 761 338; x_wconf 80' lang='lat' dir='ltr'><strong>ALTER</strong></span> <span class='ocrx_word' id='word_1_3' title='bbox 1098 285 1140 349; x_wconf 81' lang='grc'><strong><em>29</em></strong></span> 
     </span>
    </p>
   </div>
   <div class='ocr_carea' id='block_1_2' title="bbox 132 445 1241 2448">
    <p class='ocr_par' dir='ltr' id='par_1_2' title="bbox 132 445 1234 1065">
     <span class='ocr_line' id='line_1_2' title="bbox 132 445 1234 533; baseline -0.005 -20"><span class='ocrx_word' id='word_1_4' title='bbox 132 449 283 533; x_wconf 81' lang='grc' dir='ltr'><strong><em>μιγάδων</em></strong></span> <span class='ocrx_word' id='word_1_5' title='bbox 310 457 439 530; x_wconf 79' lang='grc' dir='ltr'><strong><em>ψυχῶν·</em></strong></span> <span class='ocrx_word' id='word_1_6' title='bbox 466 448 507 511; x_wconf 90' lang='grc' dir='ltr'><strong><em>τδι</em></strong></span> <span class='ocrx_word' id='word_1_7' title='bbox 533 448 597 532; x_wconf 83' lang='grc' dir='ltr'><strong><em>γὰρ</em></strong></span> <span class='ocrx_word' id='word_1_8' title='bbox 624 454 682 530; x_wconf 76' lang='grc' dir='ltr'><strong><em>τῆς</em></strong></span> <span class='ocrx_word' id='word_1_9' title='bbox 708 457 816 531; x_wconf 75' lang='grc' dir='ltr'><strong><em>ψυχῆς</em></strong></span> <span class='ocrx_word' id='word_1_10' title='bbox 843 449 1044 532; x_wconf 75' lang='grc' dir='ltr'><strong><em>στηρίγματα</em></strong></span> <span class='ocrx_word' id='word_1_11' title='bbox 1070 445 1142 513; x_wconf 91' lang='grc' dir='ltr'><strong><em>τέσ-</em></strong></span> <span class='ocrx_word' id='word_1_12' title='bbox 1155 456 1234 510; x_wconf 86' lang='lat' dir='ltr'><strong><em>XYS</em></strong></span> 
     </span>
     <span class='ocr_line' id='line_1_3' title="bbox 133 552 1141 640; baseline -0.001 -21"><span class='ocrx_word' id='word_1_13' title='bbox 133 555 219 640; x_wconf 88' lang='grc' dir='ltr'><strong><em>σαροί</em></strong></span> <span class='ocrx_word' id='word_1_14' title='bbox 243 553 322 637; x_wconf 83' lang='grc' dir='ltr'><strong><em>ἐστι,</em></strong></span> <span class='ocrx_word' id='word_1_15' title='bbox 349 562 430 629; x_wconf 83' lang='grc' dir='ltr'><strong><em>νοῦς</em></strong></span> <span class='ocrx_word' id='word_1_16' title='bbox 457 553 617 638; x_wconf 82' lang='grc' dir='ltr'><strong><em>ἐπιστήμη</em></strong></span> <span class='ocrx_word' id='word_1_17' title='bbox 645 552 726 632; x_wconf 79' lang='grc' dir='ltr'><strong><em>δόξα</em></strong></span> <span class='ocrx_word' id='word_1_18' title='bbox 753 560 917 637; x_wconf 74' lang='grc' dir='ltr'><strong><em>αἴσθησις.</em></strong></span> <span class='ocrx_word' id='word_1_19' title='bbox 962 555 1051 638; x_wconf 81' lang='grc' dir='ltr'><strong><em>ῦυχδι</em></strong></span> <span class='ocrx_word' id='word_1_20' title='bbox 1078 555 1141 640; x_wconf 82' lang='grc' dir='ltr'><strong><em>γδρ</em></strong></span> 
     </span>
     <span class='ocr_line' id='line_1_4' title="bbox 132 659 1143 747; baseline -0.002 -21"><span class='ocrx_word' id='word_1_21' title='bbox 132 661 328 746; x_wconf 78' lang='grc' dir='ltr'><strong><em>ἀνθρώπου,</em></strong></span> <span class='ocrx_word' id='word_1_22' title='bbox 348 660 392 737; x_wconf 83' lang='grc' dir='ltr'><strong><em>ὡς</em></strong></span> <span class='ocrx_word' id='word_1_23' title='bbox 410 662 617 746; x_wconf 75' lang='grc' dir='ltr'><em>Πυθαγόρας</em></span> <span class='ocrx_word' id='word_1_24' title='bbox 636 663 710 745; x_wconf 79' lang='grc' dir='ltr'><strong><em>ἔφη,</em></strong></span> <span class='ocrx_word' id='word_1_25' title='bbox 729 664 798 726; x_wconf 81' lang='grc' dir='ltr'><strong><em>ἔστι</em></strong></span> <span class='ocrx_word' id='word_1_26' title='bbox 815 661 1024 747; x_wconf 80' lang='grc' dir='ltr'><strong><em>τετράγωνον</em></strong></span> <span class='ocrx_word' id='word_1_27' title='bbox 1042 659 1143 745; x_wconf 76' lang='grc' dir='ltr'><strong><em>ὀρθο-</em></strong></span> 
     </span>
     <span class='ocr_line' id='line_1_5' title="bbox 135 763 1184 853; baseline -0.003 -21"><span class='ocrx_word' id='word_1_28' title='bbox 135 768 267 850; x_wconf 85' lang='grc' dir='ltr'><strong><em>γώνιον.</em></strong></span> <span class='ocrx_word' id='word_1_29' title='bbox 309 765 469 852; x_wconf 80' lang='grc' dir='ltr'><strong><em>Ἀρχύτας</em></strong></span> <span class='ocrx_word' id='word_1_30' title='bbox 492 763 529 831; x_wconf 76' lang='grc' dir='ltr'><strong><em>δὲ</em></strong></span> <span class='ocrx_word' id='word_1_31' title='bbox 551 776 609 851; x_wconf 80' lang='grc' dir='ltr'><strong><em>τῆς</em></strong></span> <span class='ocrx_word' id='word_1_32' title='bbox 631 776 738 851; x_wconf 80' lang='grc' dir='ltr'><strong><em>ψυχῆς</em></strong></span> <span class='ocrx_word' id='word_1_33' title='bbox 760 768 820 832; x_wconf 91' lang='grc' dir='ltr'><strong><em>τὸν</em></strong></span> <span class='ocrx_word' id='word_1_34' title='bbox 843 766 924 853; x_wconf 85' lang='grc' dir='ltr'><strong><em>ὅρον</em></strong></span> <span class='ocrx_word' id='word_1_35' title='bbox 946 767 1008 834; x_wconf 88' lang='grc' dir='ltr'><strong><em>οὐκ</em></strong></span> <span class='ocrx_word' id='word_1_36' title='bbox 1031 767 1068 833; x_wconf 80' lang='grc' dir='ltr'><strong><em>ἐν</em></strong></span> <span class='ocrx_word' id='word_1_37' title='bbox 1090 791 1140 833; x_wconf 81' lang='grc' dir='ltr'><strong><em>τε·</em></strong></span> <span class='ocrx_word' id='word_1_38' title='bbox 1158 777 1184 829; x_wconf 89' lang='lat' dir='ltr'>Y</span> 
     </span>
     <span class='ocr_line' id='line_1_6' title="bbox 132 872 1181 961; baseline 0.003 -23"><span class='ocrx_word' id='word_1_39' title='bbox 132 875 307 961; x_wconf 75' lang='grc' dir='ltr'><strong><em>τραγώνμ,</em></strong></span> <span class='ocrx_word' id='word_1_40' title='bbox 330 872 401 939; x_wconf 84' lang='grc' dir='ltr'><strong><em>ἀλλ’</em></strong></span> <span class='ocrx_word' id='word_1_41' title='bbox 425 873 462 939; x_wconf 83' lang='grc' dir='ltr'><strong><em>ἐν</em></strong></span> <span class='ocrx_word' id='word_1_42' title='bbox 484 874 594 958; x_wconf 79' lang='grc' dir='ltr'><strong><em>κύκλῳ</em></strong></span> <span class='ocrx_word' id='word_1_43' title='bbox 618 873 816 957; x_wconf 82' lang='grc' dir='ltr'><strong><em>ἀποδίδωσι,</em></strong></span> <span class='ocrx_word' id='word_1_44' title='bbox 840 873 909 939; x_wconf 52' lang='grc' dir='ltr'><strong><em>(διδι</em></strong></span> <span class='ocrx_word' id='word_1_45' title='bbox 931 883 1029 940; x_wconf 90' lang='grc' dir='ltr'><strong><em>τοῦτο</em></strong></span> <span class='ocrx_word' id='word_1_46' title='bbox 1052 875 1142 958; x_wconf 82' lang='grc' dir='ltr'><strong><em>ψυχὰ</em></strong></span> <span class='ocrx_word' id='word_1_47' title='bbox 1168 903 1181 942; x_wconf 83' lang='lat'><strong>5</strong></span> 
     </span>
     <span class='ocr_line' id='line_1_7' title="bbox 133 975 1144 1065; baseline 0 -19"><span class='ocrx_word' id='word_1_48' title='bbox 133 981 171 1046; x_wconf 89' lang='grc' dir='ltr'><strong><em>τὸ</em></strong></span> <span class='ocrx_word' id='word_1_49' title='bbox 194 980 275 1045; x_wconf 86' lang='grc' dir='ltr'><strong><em>αὑτὸ</em></strong></span> <span class='ocrx_word' id='word_1_50' title='bbox 298 989 427 1063; x_wconf 83' lang='grc' dir='ltr'><strong><em>κινοῦν,</em></strong></span> <span class='ocrx_word' id='word_1_51' title='bbox 450 979 577 1062; x_wconf 81' lang='grc' dir='ltr'><strong><em>ἀνάγκα</em></strong></span> <span class='ocrx_word' id='word_1_52' title='bbox 600 975 638 1044; x_wconf 72' lang='grc' dir='ltr'><strong><em>δὲ</em></strong></span> <span class='ocrx_word' id='word_1_53' title='bbox 660 980 697 1044; x_wconf 91' lang='grc' dir='ltr'><strong><em>τὸ</em></strong></span> <span class='ocrx_word' id='word_1_54' title='bbox 720 991 853 1065; x_wconf 79' lang='grc' dir='ltr'><strong><em>πρῶτον</em></strong></span> <span class='ocrx_word' id='word_1_55' title='bbox 875 989 1003 1064; x_wconf 87' lang='grc' dir='ltr'><strong><em>κινοῦν,</em></strong></span> <span class='ocrx_word' id='word_1_56' title='bbox 1024 981 1144 1057; x_wconf 81' lang='grc' dir='ltr'><strong><em>κύκλος</em></strong></span> 
     </span>
    </p>

    <p class='ocr_par' dir='ltr' id='par_1_3' title="bbox 133 1082 1215 1812">
     <span class='ocr_line' id='line_1_8' title="bbox 134 1082 1214 1172; baseline 0 -22"><span class='ocrx_word' id='word_1_57' title='bbox 134 1082 171 1150; x_wconf 74' lang='grc' dir='ltr'><strong><em>δὲ</em></strong></span> <span class='ocrx_word' id='word_1_58' title='bbox 196 1095 294 1152; x_wconf 91' lang='grc' dir='ltr'><strong><em>τοῦτο</em></strong></span> <span class='ocrx_word' id='word_1_59' title='bbox 317 1085 337 1170; x_wconf 83' lang='grc' dir='ltr'><strong><em>ή</em></strong></span> <span class='ocrx_word' id='word_1_60' title='bbox 362 1086 511 1172; x_wconf 83' lang='grc' dir='ltr'><strong><em>σφαίρα’.</em></strong></span> <span class='ocrx_word' id='word_1_61' title='bbox 553 1084 609 1151; x_wconf 84' lang='grc' dir='ltr'><strong><em>καὶ</em></strong></span> <span class='ocrx_word' id='word_1_62' title='bbox 622 1083 626 1093; x_wconf 84' lang='grc'><strong>’</strong></span> <span class='ocrx_word' id='word_1_63' title='bbox 641 1085 727 1152; x_wconf 80' lang='grc' dir='ltr'><strong><em>οὕτω</em></strong></span> <span class='ocrx_word' id='word_1_64' title='bbox 757 1083 819 1171; x_wconf 73' lang='grc' dir='ltr'><strong><em>μὲν</em></strong></span> <span class='ocrx_word' id='word_1_65' title='bbox 844 1085 898 1152; x_wconf 79' lang='grc' dir='ltr'><strong><em>ἐπὶ</em></strong></span> <span class='ocrx_word' id='word_1_66' title='bbox 922 1097 982 1152; x_wconf 94' lang='grc' dir='ltr'><strong><em>τοῦ</em></strong></span> <span class='ocrx_word' id='word_1_67' title='bbox 1011 1097 1144 1172; x_wconf 81' lang='grc' dir='ltr'><strong><em>νοητοῦ,</em></strong></span> <span class='ocrx_word' id='word_1_68' title='bbox 1158 1097 1214 1151; x_wconf 85' lang='grc' dir='ltr'><strong><em>ΧΥ</em></strong></span> 
     </span>
     <span class='ocr_line' id='line_1_9' title="bbox 133 1187 1144 1277; baseline 0.001 -19"><span class='ocrx_word' id='word_1_69' title='bbox 133 1189 235 1258; x_wconf 72' lang='grc' dir='ltr'><strong><em>οὐδὲν</em></strong></span> <span class='ocrx_word' id='word_1_70' title='bbox 262 1189 299 1258; x_wconf 71' lang='grc' dir='ltr'><strong><em>δὲ</em></strong></span> <span class='ocrx_word' id='word_1_71' title='bbox 325 1187 425 1276; x_wconf 88' lang='grc' dir='ltr'><strong><em>ήττον</em></strong></span> <span class='ocrx_word' id='word_1_72' title='bbox 452 1190 531 1260; x_wconf 84' lang='grc' dir='ltr'><strong><em>κάπὶ</em></strong></span> <span class='ocrx_word' id='word_1_73' title='bbox 559 1201 618 1259; x_wconf 91' lang='grc' dir='ltr'><strong><em>τοῦ</em></strong></span> <span class='ocrx_word' id='word_1_74' title='bbox 646 1194 810 1277; x_wconf 82' lang='grc' dir='ltr'><strong><em>αἰσθητοῦ</em></strong></span> <span class='ocrx_word' id='word_1_75' title='bbox 839 1192 906 1258; x_wconf 80' lang='grc' dir='ltr'><strong><em>ἐστι</em></strong></span> <span class='ocrx_word' id='word_1_76' title='bbox 934 1195 1085 1259; x_wconf 75' lang='grc' dir='ltr'><strong><em>συνιδεῖν</em></strong></span> <span class='ocrx_word' id='word_1_77' title='bbox 1107 1193 1144 1259; x_wconf 87' lang='grc' dir='ltr'><strong><em>έν</em></strong></span> 
     </span>
     <span class='ocr_line' id='line_1_10' title="bbox 133 1295 1183 1385; baseline 0 -20"><span class='ocrx_word' id='word_1_78' title='bbox 133 1311 205 1376; x_wconf 82' lang='grc' dir='ltr'><strong><em>ταῖς</em></strong></span> <span class='ocrx_word' id='word_1_79' title='bbox 227 1311 295 1366; x_wconf 82' lang='grc' dir='ltr'><strong><em>τῶν</em></strong></span> <span class='ocrx_word' id='word_1_80' title='bbox 313 1300 405 1379; x_wconf 82' lang='grc' dir='ltr'><strong><em>ζώων</em></strong></span> <span class='ocrx_word' id='word_1_81' title='bbox 427 1298 587 1382; x_wconf 88' lang='grc' dir='ltr'><strong><em>γενέσεσι·</em></strong></span> <span class='ocrx_word' id='word_1_82' title='bbox 610 1309 743 1385; x_wconf 82' lang='grc' dir='ltr'><strong><em>πρῶτον</em></strong></span> <span class='ocrx_word' id='word_1_83' title='bbox 769 1295 831 1384; x_wconf 73' lang='grc' dir='ltr'><strong><em>μὲν</em></strong></span> <span class='ocrx_word' id='word_1_84' title='bbox 858 1301 921 1385; x_wconf 82' lang='grc' dir='ltr'><strong><em>γάρ</em></strong></span> <span class='ocrx_word' id='word_1_85' title='bbox 950 1299 1018 1365; x_wconf 80' lang='grc' dir='ltr'><strong><em>ἐστι</em></strong></span> <span class='ocrx_word' id='word_1_86' title='bbox 1047 1299 1144 1385; x_wconf 82' lang='grc' dir='ltr'><strong><em>σκέρ-</em></strong></span> <span class='ocrx_word' id='word_1_87' title='bbox 1157 1301 1183 1354; x_wconf 88' lang='lat' dir='ltr'>Y</span> 
     </span>
     <span class='ocr_line' id='line_1_11' title="bbox 133 1402 1184 1492; baseline 0.001 -21"><span class='ocrx_word' id='word_1_88' title='bbox 133 1430 235 1491; x_wconf 81' lang='grc' dir='ltr'><strong><em>ματος</em></strong></span> <span class='ocrx_word' id='word_1_89' title='bbox 257 1411 438 1491; x_wconf 82' lang='grc' dir='ltr'><strong><em>καταβολή,</em></strong></span> <span class='ocrx_word' id='word_1_90' title='bbox 462 1407 620 1492; x_wconf 87' lang='grc' dir='ltr'><strong><em>δεύτερον</em></strong></span> <span class='ocrx_word' id='word_1_91' title='bbox 643 1402 680 1470; x_wconf 76' lang='grc' dir='ltr'><strong><em>δὲ</em></strong></span> <span class='ocrx_word' id='word_1_92' title='bbox 702 1406 723 1489; x_wconf 89' lang='grc' dir='ltr'><strong><em>ή</em></strong></span> <span class='ocrx_word' id='word_1_93' title='bbox 747 1407 795 1482; x_wconf 87' lang='grc' dir='ltr'><strong><em>εἰς</em></strong></span> <span class='ocrx_word' id='word_1_94' title='bbox 817 1408 857 1472; x_wconf 86' lang='grc' dir='ltr'><strong><em>τδι</em></strong></span> <span class='ocrx_word' id='word_1_95' title='bbox 884 1405 963 1489; x_wconf 90' lang='grc' dir='ltr'><strong><em>γένη</em></strong></span> <span class='ocrx_word' id='word_1_96' title='bbox 992 1408 1143 1490; x_wconf 91' lang='grc' dir='ltr'><strong><em>διανομή,</em></strong></span> <span class='ocrx_word' id='word_1_97' title='bbox 1158 1433 1184 1472; x_wconf 81' lang='grc' dir='ltr'><strong><em>ιο</em></strong></span> 
     </span>
     <span class='ocr_line' id='line_1_12' title="bbox 133 1509 1215 1598; baseline -0.001 -22"><span class='ocrx_word' id='word_1_98' title='bbox 133 1516 247 1598; x_wconf 87' lang='grc' dir='ltr'><strong><em>τρίτον</em></strong></span> <span class='ocrx_word' id='word_1_99' title='bbox 267 1512 412 1596; x_wconf 82' lang='grc' dir='ltr'><strong><em>αὔξησις,</em></strong></span> <span class='ocrx_word' id='word_1_100' title='bbox 434 1509 490 1577; x_wconf 85' lang='grc' dir='ltr'><strong><em>καί</em></strong></span> <span class='ocrx_word' id='word_1_101' title='bbox 508 1511 666 1596; x_wconf 87' lang='grc' dir='ltr'><strong><em>τέταρτον</em></strong></span> <span class='ocrx_word' id='word_1_102' title='bbox 679 1516 852 1588; x_wconf 85' lang='grc' dir='ltr'><strong><em>τελείωσις.</em></strong></span> <span class='ocrx_word' id='word_1_103' title='bbox 890 1511 973 1578; x_wconf 75' lang='grc' dir='ltr'><strong><em>ἀλλὰ</em></strong></span> <span class='ocrx_word' id='word_1_104' title='bbox 991 1513 1057 1597; x_wconf 89' lang='grc' dir='ltr'><strong><em>μήν</em></strong></span> <span class='ocrx_word' id='word_1_105' title='bbox 1075 1512 1145 1579; x_wconf 83' lang='grc' dir='ltr'><strong><em>τίσ-</em></strong></span> <span class='ocrx_word' id='word_1_106' title='bbox 1159 1521 1215 1576; x_wconf 84' lang='grc' dir='ltr'><strong><em>ΧΥ</em></strong></span> 
     </span>
     <span class='ocr_line' id='line_1_13' title="bbox 134 1616 1144 1705; baseline 0.001 -22"><span class='ocrx_word' id='word_1_107' title='bbox 134 1616 233 1703; x_wconf 85' lang='grc' dir='ltr'><strong><em>σαρές</em></strong></span> <span class='ocrx_word' id='word_1_108' title='bbox 255 1641 289 1682; x_wconf 86' lang='grc' dir='ltr'><strong><em>τε</em></strong></span> <span class='ocrx_word' id='word_1_109' title='bbox 312 1617 410 1700; x_wconf 87' lang='grc' dir='ltr'><strong><em>ήλίου</em></strong></span> <span class='ocrx_word' id='word_1_110' title='bbox 433 1621 566 1703; x_wconf 85' lang='grc' dir='ltr'><strong><em>τροπαί,</em></strong></span> <span class='ocrx_word' id='word_1_111' title='bbox 593 1616 669 1682; x_wconf 77' lang='grc' dir='ltr'><strong><em>καθ’</em></strong></span> <span class='ocrx_word' id='word_1_112' title='bbox 698 1617 736 1694; x_wconf 83' lang='grc' dir='ltr'><strong><em>δς</em></strong></span> <span class='ocrx_word' id='word_1_113' title='bbox 758 1620 798 1682; x_wconf 92' lang='grc' dir='ltr'><strong><em>τδι</em></strong></span> <span class='ocrx_word' id='word_1_114' title='bbox 821 1620 901 1684; x_wconf 79' lang='grc' dir='ltr'><strong><em>ὄντα</em></strong></span> <span class='ocrx_word' id='word_1_115' title='bbox 924 1629 1144 1705; x_wconf 88' lang='grc' dir='ltr'><strong><em>συντηρεῦται,</em></strong></span> 
     </span>
     <span class='ocr_line' id='line_1_14' title="bbox 136 1722 1145 1812; baseline 0.002 -23"><span class='ocrx_word' id='word_1_116' title='bbox 136 1726 301 1810; x_wconf 75' lang='grc' dir='ltr'><strong><em>ἰσημερίαι</em></strong></span> <span class='ocrx_word' id='word_1_117' title='bbox 329 1724 406 1808; x_wconf 90' lang='grc' dir='ltr'><strong><em>δύο,</em></strong></span> <span class='ocrx_word' id='word_1_118' title='bbox 429 1725 549 1810; x_wconf 78' lang='grc' dir='ltr'><strong><em>δερινή</em></strong></span> <span class='ocrx_word' id='word_1_119' title='bbox 567 1722 623 1789; x_wconf 87' lang='grc' dir='ltr'><strong><em>καί</em></strong></span> <span class='ocrx_word' id='word_1_120' title='bbox 645 1725 814 1810; x_wconf 78' lang='grc' dir='ltr'><strong><em>χειμερινὴ</em></strong></span> <span class='ocrx_word' id='word_1_121' title='bbox 833 1727 946 1811; x_wconf 87' lang='grc' dir='ltr'><strong><em>τροπή.</em></strong></span> <span class='ocrx_word' id='word_1_122' title='bbox 991 1723 1145 1812; x_wconf 88' lang='grc' dir='ltr'><strong><em>τέσσαρες</em></strong></span> 
     </span>
    </p>

    <p class='ocr_par' dir='ltr' id='par_1_4' title="bbox 134 1827 1241 2237">
     <span class='ocr_line' id='line_1_15' title="bbox 135 1827 1144 1918; baseline 0.002 -22"><span class='ocrx_word' id='word_1_123' title='bbox 135 1827 173 1896; x_wconf 72' lang='grc' dir='ltr'><strong><em>δὲ</em></strong></span> <span class='ocrx_word' id='word_1_124' title='bbox 201 1828 257 1895; x_wconf 86' lang='grc' dir='ltr'><strong><em>καί</em></strong></span> <span class='ocrx_word' id='word_1_125' title='bbox 285 1829 386 1914; x_wconf 77' lang='grc' dir='ltr'><strong><em>αὐτῆς</em></strong></span> <span class='ocrx_word' id='word_1_126' title='bbox 412 1839 469 1914; x_wconf 79' lang='grc' dir='ltr'><strong><em>της</em></strong></span> <span class='ocrx_word' id='word_1_127' title='bbox 498 1833 636 1916; x_wconf 78' lang='grc' dir='ltr'><strong><em>σελήνης</em></strong></span> <span class='ocrx_word' id='word_1_128' title='bbox 665 1832 699 1896; x_wconf 86' lang='grc' dir='ltr'><strong><em>αἱ</em></strong></span> <span class='ocrx_word' id='word_1_129' title='bbox 727 1842 854 1918; x_wconf 79' lang='grc' dir='ltr'><strong><em>πρῶται</em></strong></span> <span class='ocrx_word' id='word_1_130' title='bbox 889 1834 1006 1916; x_wconf 84' lang='grc' dir='ltr'><strong><em>φύσεις</em></strong></span> <span class='ocrx_word' id='word_1_131' title='bbox 1035 1833 1144 1918; x_wconf 81' lang='grc' dir='ltr'><strong><em>ὥσπερ</em></strong></span> 
     </span>
     <span class='ocr_line' id='line_1_16' title="bbox 135 1935 1184 2023; baseline 0.003 -22"><span class='ocrx_word' id='word_1_132' title='bbox 135 1937 221 2022; x_wconf 78' lang='grc' dir='ltr'><strong><em>ῥίζαι</em></strong></span> <span class='ocrx_word' id='word_1_133' title='bbox 243 1935 298 2002; x_wconf 86' lang='grc' dir='ltr'><strong><em>καὶ</em></strong></span> <span class='ocrx_word' id='word_1_134' title='bbox 317 1936 429 2023; x_wconf 80' lang='grc' dir='ltr'><strong><em>ἀρχαί,</em></strong></span> <span class='ocrx_word' id='word_1_135' title='bbox 466 1937 608 2015; x_wconf 75' lang='grc' dir='ltr'><strong><em>σύνοδος</em></strong></span> <span class='ocrx_word' id='word_1_136' title='bbox 635 1935 840 2021; x_wconf 80' lang='grc' dir='ltr'><strong><em>πανσέληνος</em></strong></span> <span class='ocrx_word' id='word_1_137' title='bbox 867 1939 1038 2023; x_wconf 83' lang='grc' dir='ltr'><strong><em>διχότομοι</em></strong></span> <span class='ocrx_word' id='word_1_138' title='bbox 1070 1939 1143 2023; x_wconf 92' lang='grc' dir='ltr'><strong><em>δύο,</em></strong></span> <span class='ocrx_word' id='word_1_139' title='bbox 1158 1957 1184 1997; x_wconf 80' lang='lat'><strong><em>1⁵</em></strong></span> 
     </span>
     <span class='ocr_line' id='line_1_17' title="bbox 136 2041 1241 2138; baseline 0.003 -31"><span class='ocrx_word' id='word_1_140' title='bbox 136 2041 271 2126; x_wconf 77' lang='grc' dir='ltr'><strong><em>ἑκάστης</em></strong></span> <span class='ocrx_word' id='word_1_141' title='bbox 303 2045 433 2127; x_wconf 80' lang='grc' dir='ltr'><strong><em>φύσεως</em></strong></span> <span class='ocrx_word' id='word_1_142' title='bbox 460 2043 658 2128; x_wconf 81' lang='grc' dir='ltr'><strong><em>ἀλλοιούσης</em></strong></span> <span class='ocrx_word' id='word_1_143' title='bbox 690 2045 752 2128; x_wconf 87' lang='grc' dir='ltr'><strong><em>τήν</em></strong></span> <span class='ocrx_word' id='word_1_144' title='bbox 783 2043 966 2132; x_wconf 78' lang='grc' dir='ltr'><strong><em>ἐνέργειαν·</em></strong></span> <span class='ocrx_word' id='word_1_145' title='bbox 992 2044 1056 2111; x_wconf 82' lang='grc' dir='ltr'><strong><em>ἀπὸ</em></strong></span> <span class='ocrx_word' id='word_1_146' title='bbox 1083 2041 1241 2138; x_wconf 67' lang='grc' dir='ltr'><strong><em>μὲνΧΥΗ</em></strong></span> 
     </span>
     <span class='ocr_line' id='line_1_18' title="bbox 134 2148 1145 2237; baseline 0.001 -22"><span class='ocrx_word' id='word_1_147' title='bbox 134 2152 198 2236; x_wconf 92' lang='grc' dir='ltr'><strong><em>γδιρ</em></strong></span> <span class='ocrx_word' id='word_1_148' title='bbox 223 2151 369 2216; x_wconf 78' lang='grc' dir='ltr'><strong><em>συνόδου</em></strong></span> <span class='ocrx_word' id='word_1_149' title='bbox 392 2149 453 2228; x_wconf 80' lang='grc' dir='ltr'><strong><em>ἕως</em></strong></span> <span class='ocrx_word' id='word_1_150' title='bbox 476 2152 655 2235; x_wconf 87' lang='grc' dir='ltr'><strong><em>διχοτόμου</em></strong></span> <span class='ocrx_word' id='word_1_151' title='bbox 677 2151 844 2237; x_wconf 82' lang='grc' dir='ltr'><strong><em>ὑγραίνει,</em></strong></span> <span class='ocrx_word' id='word_1_152' title='bbox 872 2150 936 2217; x_wconf 82' lang='grc' dir='ltr'><strong><em>ἀπὸ</em></strong></span> <span class='ocrx_word' id='word_1_153' title='bbox 965 2148 1002 2218; x_wconf 75' lang='grc' dir='ltr'><strong><em>δὲ</em></strong></span> <span class='ocrx_word' id='word_1_154' title='bbox 1025 2152 1145 2236; x_wconf 83' lang='grc' dir='ltr'><strong><em>ταύτης</em></strong></span> 
     </span>
    </p>

    <p class='ocr_par' dir='ltr' id='par_1_5' title="bbox 134 2255 1145 2448">
     <span class='ocr_line' id='line_1_19' title="bbox 134 2255 1145 2344; baseline 0.001 -22"><span class='ocrx_word' id='word_1_155' title='bbox 134 2255 196 2333; x_wconf 80' lang='grc' dir='ltr'><strong><em>ἕως</em></strong></span> <span class='ocrx_word' id='word_1_156' title='bbox 222 2259 433 2341; x_wconf 75' lang='grc' dir='ltr'><strong><em>πανσελήνου</em></strong></span> <span class='ocrx_word' id='word_1_157' title='bbox 464 2260 654 2344; x_wconf 78' lang='grc' dir='ltr'><strong><em>θερμαίνει,</em></strong></span> <span class='ocrx_word' id='word_1_158' title='bbox 686 2257 750 2322; x_wconf 77' lang='grc' dir='ltr'><strong><em>ἀπὸ</em></strong></span> <span class='ocrx_word' id='word_1_159' title='bbox 786 2255 824 2323; x_wconf 73' lang='grc' dir='ltr'><strong><em>δὲ</em></strong></span> <span class='ocrx_word' id='word_1_160' title='bbox 853 2258 973 2342; x_wconf 87' lang='grc' dir='ltr'><strong><em>ταύτης</em></strong></span> <span class='ocrx_word' id='word_1_161' title='bbox 1005 2256 1066 2334; x_wconf 81' lang='grc' dir='ltr'><strong><em>ἕως</em></strong></span> <span class='ocrx_word' id='word_1_162' title='bbox 1088 2266 1145 2340; x_wconf 84' lang='grc' dir='ltr'><strong><em>τής</em></strong></span> 
     </span>
     <span class='ocr_line' id='line_1_20' title="bbox 135 2359 1144 2448; baseline 0 -20"><span class='ocrx_word' id='word_1_163' title='bbox 135 2361 292 2448; x_wconf 82' lang='grc' dir='ltr'><strong><em>δευτέρας</em></strong></span> <span class='ocrx_word' id='word_1_164' title='bbox 319 2364 498 2448; x_wconf 87' lang='grc' dir='ltr'><strong><em>διχοτόμου</em></strong></span> <span class='ocrx_word' id='word_1_165' title='bbox 530 2363 687 2448; x_wconf 84' lang='grc' dir='ltr'><strong><em>ξηραίνει,</em></strong></span> <span class='ocrx_word' id='word_1_166' title='bbox 719 2363 755 2428; x_wconf 80' lang='grc' dir='ltr'><strong><em>ἐκ</em></strong></span> <span class='ocrx_word' id='word_1_167' title='bbox 786 2359 824 2428; x_wconf 72' lang='grc' dir='ltr'><strong><em>δὲ</em></strong></span> <span class='ocrx_word' id='word_1_168' title='bbox 855 2365 976 2448; x_wconf 90' lang='grc' dir='ltr'><strong><em>ταύτης</em></strong></span> <span class='ocrx_word' id='word_1_169' title='bbox 1007 2362 1068 2440; x_wconf 83' lang='grc' dir='ltr'><strong><em>ἕως</em></strong></span> <span class='ocrx_word' id='word_1_170' title='bbox 1092 2362 1144 2429; x_wconf 86' lang='grc' dir='ltr'><strong><em>εἰιί</em></strong></span> 
     </span>
    </p>
   </div>
   <div class='ocr_carea' id='block_1_3' title="bbox 205 2590 945 2660">
    <p class='ocr_par' dir='ltr' id='par_1_6' title="bbox 205 2590 945 2660">
     <span class='ocr_line' id='line_1_21' title="bbox 205 2590 945 2660; baseline 0.004 -17"><span class='ocrx_word' id='word_1_171' title='bbox 205 2609 229 2644; x_wconf 81' lang='lat' dir='ltr'><strong><em>V.</em></strong></span> <span class='ocrx_word' id='word_1_172' title='bbox 249 2597 266 2644; x_wconf 89' lang='grc'>4</span> <span class='ocrx_word' id='word_1_173' title='bbox 284 2591 423 2660; x_wconf 58' lang='lat' dir='ltr'><strong>Archytas</strong></span> <span class='ocrx_word' id='word_1_174' title='bbox 441 2610 466 2646; x_wconf 85' lang='lat' dir='ltr'><strong><em>v.</em></strong></span> <span class='ocrx_word' id='word_1_175' title='bbox 486 2591 576 2646; x_wconf 80' lang='lat' dir='ltr'>Zeller</span> <span class='ocrx_word' id='word_1_176' title='bbox 593 2590 665 2644; x_wconf 88' lang='lat' dir='ltr'>Phil.</span> <span class='ocrx_word' id='word_1_177' title='bbox 677 2591 702 2644; x_wconf 88' lang='lat' dir='ltr'><strong><em>d.</em></strong></span> <span class='ocrx_word' id='word_1_178' title='bbox 722 2590 945 2646; x_wconf 79' lang='lat' dir='ltr'><strong>Gr.1112¹105.</strong></span> 
     </span>
    </p>
   </div>
   <div class='ocr_carea' id='block_1_4' title="bbox 133 2803 1171 3727">
    <p class='ocr_par' dir='ltr' id='par_1_7' title="bbox 133 2803 1171 3585">
     <span class='ocr_line' id='line_1_22' title="bbox 205 2803 1145 2876; baseline 0.005 -20"><span class='ocrx_word' id='word_1_179' title='bbox 205 2822 228 2858; x_wconf 91' lang='lat' dir='ltr'><strong><em>v.</em></strong></span> <span class='ocrx_word' id='word_1_180' title='bbox 249 2809 264 2856; x_wconf 81' lang='lat'><strong>2</strong></span> <span class='ocrx_word' id='word_1_181' title='bbox 284 2803 352 2876; x_wconf 80' lang='grc' dir='ltr'><strong><em>ἐστι]</em></strong></span> <span class='ocrx_word' id='word_1_182' title='bbox 372 2803 423 2858; x_wconf 86' lang='grc' dir='ltr'><strong><em>εἰσι</em></strong></span> <span class='ocrx_word' id='word_1_183' title='bbox 443 2805 467 2858; x_wconf 81' lang='lat'><em>0</em></span> <span class='ocrx_word' id='word_1_184' title='bbox 484 2807 489 2875; x_wconf 96' lang='grc' dir='ltr'>Ι</span> <span class='ocrx_word' id='word_1_185' title='bbox 509 2812 588 2876; x_wconf 82' lang='grc' dir='ltr'><strong><em>ψνχᾶ</em></strong></span> <span class='ocrx_word' id='word_1_186' title='bbox 610 2805 644 2872; x_wconf 77' lang='grc' dir='ltr'><strong><em>Α,</em></strong></span> <span class='ocrx_word' id='word_1_187' title='bbox 658 2805 735 2875; x_wconf 83' lang='grc' dir='ltr'><strong><em>ψυχή</em></strong></span> <span class='ocrx_word' id='word_1_188' title='bbox 754 2805 812 2876; x_wconf 85' lang='grc' dir='ltr'><strong><em>Α,,</em></strong></span> <span class='ocrx_word' id='word_1_189' title='bbox 831 2803 909 2874; x_wconf 79' lang='grc' dir='ltr'><strong><em>ψυχὰ</em></strong></span> <span class='ocrx_word' id='word_1_190' title='bbox 927 2805 987 2860; x_wconf 87' lang='lat' dir='ltr'>rell.</span> <span class='ocrx_word' id='word_1_191' title='bbox 1060 2810 1076 2858; x_wconf 86' lang='grc'>3</span> <span class='ocrx_word' id='word_1_192' title='bbox 1095 2806 1145 2861; x_wconf 78' lang='grc' dir='ltr'><strong><em>ἀν-</em></strong></span> 
     </span>
     <span class='ocr_line' id='line_1_23' title="bbox 133 2873 1142 2949; baseline 0.003 -21"><span class='ocrx_word' id='word_1_193' title='bbox 133 2876 257 2943; x_wconf 76' lang='grc' dir='ltr'><strong><em>ῦρύιτων</em></strong></span> <span class='ocrx_word' id='word_1_194' title='bbox 276 2875 299 2929; x_wconf 77' lang='lat' dir='ltr'><strong><em>S</em></strong></span> <span class='ocrx_word' id='word_1_195' title='bbox 318 2877 322 2945; x_wconf 91' lang='grc' dir='ltr'>Ι</span> <span class='ocrx_word' id='word_1_196' title='bbox 348 2873 434 2944; x_wconf 85' lang='grc' dir='ltr'><strong><em>φησίν</em></strong></span> <span class='ocrx_word' id='word_1_197' title='bbox 457 2875 472 2929; x_wconf 89' lang='grc' dir='ltr'><strong><em>δ</em></strong></span> <span class='ocrx_word' id='word_1_198' title='bbox 495 2874 663 2947; x_wconf 77' lang='grc' dir='ltr'><strong><em>ττνδαγόρας</em></strong></span> <span class='ocrx_word' id='word_1_199' title='bbox 685 2877 722 2945; x_wconf 81' lang='lat' dir='ltr'><strong><em>Y,</em></strong></span> <span class='ocrx_word' id='word_1_200' title='bbox 746 2877 783 2939; x_wconf 82' lang='grc' dir='ltr'><strong><em>ὡς</em></strong></span> <span class='ocrx_word' id='word_1_201' title='bbox 800 2874 968 2946; x_wconf 79' lang='grc' dir='ltr'><strong><em>κυδαγόρας</em></strong></span> <span class='ocrx_word' id='word_1_202' title='bbox 986 2876 1039 2946; x_wconf 79' lang='grc' dir='ltr'><strong><em>ἔφη</em></strong></span> <span class='ocrx_word' id='word_1_203' title='bbox 1060 2877 1117 2932; x_wconf 85' lang='lat' dir='ltr'><strong><em>XS</em></strong></span> <span class='ocrx_word' id='word_1_204' title='bbox 1139 2878 1142 2949; x_wconf 96' lang='grc' dir='ltr'>Ι</span> 
     </span>
     <span class='ocr_line' id='line_1_24' title="bbox 135 2945 1145 3018; baseline 0.003 -19"><span class='ocrx_word' id='word_1_205' title='bbox 135 2946 309 3017; x_wconf 78' lang='grc' dir='ltr'><strong><em>εύῦυγύνιον</em></strong></span> <span class='ocrx_word' id='word_1_206' title='bbox 337 2947 365 3000; x_wconf 90' lang='lat' dir='ltr'><em>Y</em></span> <span class='ocrx_word' id='word_1_207' title='bbox 387 2948 390 3015; x_wconf 93' lang='grc' dir='ltr'>Ι</span> <span class='ocrx_word' id='word_1_208' title='bbox 414 2945 588 3017; x_wconf 79' lang='grc' dir='ltr'><strong><em>τετράγωνον</em></strong></span> <span class='ocrx_word' id='word_1_209' title='bbox 611 2948 659 3001; x_wconf 86' lang='grc' dir='ltr'><strong><em>καλ</em></strong></span> <span class='ocrx_word' id='word_1_210' title='bbox 682 2947 754 3001; x_wconf 79' lang='grc' dir='ltr'><strong><em>εύδύ</em></strong></span> <span class='ocrx_word' id='word_1_211' title='bbox 772 2947 947 3004; x_wconf 72' lang='grc' dir='ltr'><strong><em>ωνον-ουἙ</em></strong></span> <span class='ocrx_word' id='word_1_212' title='bbox 1017 2945 1145 3018; x_wconf 71' lang='grc' dir='ltr'><strong><em>ιλἈρχύ-</em></strong></span> 
     </span>
     <span class='ocr_line' id='line_1_25' title="bbox 134 2969 1149 3088; baseline 0.003 -18"><span class='ocrx_word' id='word_1_213' title='bbox 134 3036 231 3079; x_wconf 90' lang='grc' dir='ltr'><strong><em>τας-</em></strong></span> <span class='ocrx_word' id='word_1_214' title='bbox 247 3022 262 3069; x_wconf 83' lang='grc'>7</span> <span class='ocrx_word' id='word_1_215' title='bbox 278 3026 384 3085; x_wconf 86' lang='grc' dir='ltr'><strong><em>σφαῖρα</em></strong></span> <span class='ocrx_word' id='word_1_216' title='bbox 403 3018 505 3071; x_wconf 74' lang='grc' dir='ltr'><strong><em>δεεαιιί</em></strong></span> <span class='ocrx_word' id='word_1_217' title='bbox 527 3018 569 3086; x_wconf 91' lang='grc' dir='ltr'><strong><em>Χ,</em></strong></span> <span class='ocrx_word' id='word_1_218' title='bbox 597 3018 719 3088; x_wconf 83' lang='grc' dir='ltr'><strong><em>ἀρχύτας</em></strong></span> <span class='ocrx_word' id='word_1_219' title='bbox 741 2969 772 3072; x_wconf 64' lang='grc' dir='ltr'><strong><em>δί</em></strong></span> <span class='ocrx_word' id='word_1_220' title='bbox 791 3019 892 3073; x_wconf 86' lang='grc' dir='ltr'><strong><em>κύκλον</em></strong></span> <span class='ocrx_word' id='word_1_221' title='bbox 911 3019 999 3086; x_wconf 86' lang='grc' dir='ltr'><strong><em>αῦτήν</em></strong></span> <span class='ocrx_word' id='word_1_222' title='bbox 1022 3035 1108 3088; x_wconf 85' lang='grc' dir='ltr'><strong><em>φησιν</em></strong></span> <span class='ocrx_word' id='word_1_223' title='bbox 1127 3019 1149 3074; x_wconf 85' lang='lat' dir='ltr'><strong><em>S</em></strong></span> 
     </span>
     <span class='ocr_line' id='line_1_26' title="bbox 136 3087 1145 3159; baseline 0.001 -18"><span class='ocrx_word' id='word_1_224' title='bbox 136 3093 277 3155; x_wconf 80' lang='grc' dir='ltr'><strong><em>ῦπρῦιτον</em></strong></span> <span class='ocrx_word' id='word_1_225' title='bbox 296 3088 356 3144; x_wconf 72' lang='grc' dir='ltr'><strong><em>ΕΘ</em></strong></span> <span class='ocrx_word' id='word_1_226' title='bbox 379 3088 383 3159; x_wconf 98' lang='grc' dir='ltr'>Ι</span> <span class='ocrx_word' id='word_1_227' title='bbox 406 3097 504 3143; x_wconf 90' lang='grc' dir='ltr'><strong><em>κινοῦν</em></strong></span> <span class='ocrx_word' id='word_1_228' title='bbox 522 3088 600 3144; x_wconf 82' lang='lat' dir='ltr'><strong>omis.</strong></span> <span class='ocrx_word' id='word_1_229' title='bbox 620 3090 650 3143; x_wconf 93' lang='lat' dir='ltr'><strong><em>D</em></strong></span> <span class='ocrx_word' id='word_1_230' title='bbox 744 3087 866 3152; x_wconf 74' lang='grc' dir='ltr'><strong><em>’λούτως</em></strong></span> <span class='ocrx_word' id='word_1_231' title='bbox 890 3090 918 3142; x_wconf 90' lang='grc' dir='ltr'>Β</span> <span class='ocrx_word' id='word_1_232' title='bbox 1006 3095 1022 3143; x_wconf 93' lang='grc'>8</span> <span class='ocrx_word' id='word_1_233' title='bbox 1049 3087 1145 3159; x_wconf 77' lang='grc' dir='ltr'><strong><em>οῦδὲν]</em></strong></span> 
     </span>
     <span class='ocr_line' id='line_1_27' title="bbox 134 3157 1171 3240; baseline 0 -28"><span class='ocrx_word' id='word_1_234' title='bbox 134 3157 201 3212; x_wconf 77' lang='grc' dir='ltr'><strong><em>ούδὲ</em></strong></span> <span class='ocrx_word' id='word_1_235' title='bbox 225 3160 254 3213; x_wconf 86' lang='grc' dir='ltr'><strong><em>Α</em></strong></span> <span class='ocrx_word' id='word_1_236' title='bbox 344 3165 360 3212; x_wconf 86' lang='grc'><strong>9</strong></span> <span class='ocrx_word' id='word_1_237' title='bbox 379 3158 448 3240; x_wconf 77' lang='grc' dir='ltr'><strong><em>ἐστι]</em></strong></span> <span class='ocrx_word' id='word_1_238' title='bbox 467 3161 504 3222; x_wconf 85' lang='grc' dir='ltr'><strong><em>ὡς</em></strong></span> <span class='ocrx_word' id='word_1_239' title='bbox 525 3161 555 3214; x_wconf 93' lang='lat' dir='ltr'><em>D</em></span> <span class='ocrx_word' id='word_1_240' title='bbox 580 3163 584 3228; x_wconf 94' lang='grc' dir='ltr'>Ι</span> <span class='ocrx_word' id='word_1_241' title='bbox 609 3157 763 3229; x_wconf 76' lang='grc' dir='ltr'><strong><em>σπέρματος</em></strong></span> <span class='ocrx_word' id='word_1_242' title='bbox 786 3192 819 3200; x_wconf 93' lang='grc'>-</span> <span class='ocrx_word' id='word_1_243' title='bbox 845 3165 877 3214; x_wconf 93' lang='grc'><strong><em>10</em></strong></span> <span class='ocrx_word' id='word_1_244' title='bbox 901 3160 1021 3229; x_wconf 79' lang='grc' dir='ltr'><strong><em>διανομὴ</em></strong></span> <span class='ocrx_word' id='word_1_245' title='bbox 1045 3160 1146 3213; x_wconf 76' lang='lat' dir='ltr'><strong>desunt</strong></span> <span class='ocrx_word' id='word_1_246' title='bbox 1166 3161 1171 3172; x_wconf 93' lang='lat'>&#39;</span> 
     </span>
     <span class='ocr_line' id='line_1_28' title="bbox 136 3229 1145 3356; baseline 0.001 -73"><span class='ocrx_word' id='word_1_247' title='bbox 136 3230 177 3298; x_wconf 89' lang='grc' dir='ltr'><strong><em>Χ,</em></strong></span> <span class='ocrx_word' id='word_1_248' title='bbox 196 3230 299 3284; x_wconf 77' lang='lat' dir='ltr'><strong>lacuna</strong></span> <span class='ocrx_word' id='word_1_249' title='bbox 317 3229 478 3298; x_wconf 79' lang='lat' dir='ltr'>quindemm</span> <span class='ocrx_word' id='word_1_250' title='bbox 495 3230 553 3285; x_wconf 86' lang='lat' dir='ltr'><strong>fere</strong></span> <span class='ocrx_word' id='word_1_251' title='bbox 571 3230 730 3286; x_wconf 74' lang='lat' dir='ltr'><strong>litteram</strong></span> <span class='ocrx_word' id='word_1_252' title='bbox 749 3232 808 3356; x_wconf 71' lang='grc' dir='ltr'><strong><em>ΒΙ</em></strong></span> <span class='ocrx_word' id='word_1_253' title='bbox 827 3231 947 3300; x_wconf 81' lang='grc' dir='ltr'><strong><em>διαμονή</em></strong></span> <span class='ocrx_word' id='word_1_254' title='bbox 972 3232 1005 3299; x_wconf 86' lang='lat' dir='ltr'><strong><em>Y,</em></strong></span> <span class='ocrx_word' id='word_1_255' title='bbox 1025 3229 1145 3298; x_wconf 81' lang='grc' dir='ltr'><strong><em>διανομὴ</em></strong></span> 
     </span>
     <span class='ocr_line' id='line_1_29' title="bbox 136 3300 1130 3371; baseline 0.002 -17"><span class='ocrx_word' id='word_1_256' title='bbox 136 3300 171 3355; x_wconf 80' lang='grc' dir='ltr'><strong><em>οἱ.</em></strong></span> <span class='ocrx_word' id='word_1_257' title='bbox 191 3300 223 3355; x_wconf 82' lang='lat' dir='ltr'><strong><em>G.</em></strong></span> <span class='ocrx_word' id='word_1_258' title='bbox 242 3300 381 3355; x_wconf 77' lang='lat' dir='ltr'>Wissowa</span> <span class='ocrx_word' id='word_1_259' title='bbox 399 3301 502 3355; x_wconf 77' lang='lat' dir='ltr'>collato</span> <span class='ocrx_word' id='word_1_260' title='bbox 520 3301 593 3356; x_wconf 55' lang='lat' dir='ltr'><strong>Plan</strong></span> <span class='ocrx_word' id='word_1_261' title='bbox 612 3301 681 3356; x_wconf 83' lang='lat' dir='ltr'>Tim.</span> <span class='ocrx_word' id='word_1_262' title='bbox 701 3320 727 3371; x_wconf 89' lang='lat' dir='ltr'><strong><em>p.</em></strong></span> <span class='ocrx_word' id='word_1_263' title='bbox 744 3308 777 3356; x_wconf 82' lang='lat'><strong><em>&#39;13</em></strong></span> <span class='ocrx_word' id='word_1_264' title='bbox 881 3309 912 3356; x_wconf 94' lang='lat'><strong><em>11</em></strong></span> <span class='ocrx_word' id='word_1_265' title='bbox 933 3303 981 3357; x_wconf 87' lang='grc' dir='ltr'><strong><em>καλ</em></strong></span> <span class='ocrx_word' id='word_1_266' title='bbox 1000 3300 1078 3355; x_wconf 84' lang='lat' dir='ltr'>omis.</span> <span class='ocrx_word' id='word_1_267' title='bbox 1099 3302 1130 3356; x_wconf 88' lang='lat' dir='ltr'>X</span> 
     </span>
     <span class='ocr_line' id='line_1_30' title="bbox 135 3369 1094 3444; baseline -0.001 -18"><span class='ocrx_word' id='word_1_268' title='bbox 135 3371 191 3440; x_wconf 82' lang='grc' dir='ltr'><strong><em>μὴν</em></strong></span> <span class='ocrx_word' id='word_1_269' title='bbox 213 3373 262 3426; x_wconf 88' lang='grc' dir='ltr'><strong><em>καί</em></strong></span> <span class='ocrx_word' id='word_1_270' title='bbox 286 3369 414 3440; x_wconf 82' lang='grc' dir='ltr'><strong><em>τέσσαρες</em></strong></span> <span class='ocrx_word' id='word_1_271' title='bbox 434 3373 465 3426; x_wconf 83' lang='lat' dir='ltr'><em>F</em></span> <span class='ocrx_word' id='word_1_272' title='bbox 557 3378 589 3426; x_wconf 74' lang='lat'><strong><em>12</em></strong></span> <span class='ocrx_word' id='word_1_273' title='bbox 617 3374 659 3444; x_wconf 84' lang='grc' dir='ltr'><strong><em>τε]</em></strong></span> <span class='ocrx_word' id='word_1_274' title='bbox 680 3381 731 3427; x_wconf 89' lang='grc' dir='ltr'><strong><em>τοῦ</em></strong></span> <span class='ocrx_word' id='word_1_275' title='bbox 751 3374 781 3427; x_wconf 93' lang='lat' dir='ltr'><em>D</em></span> <span class='ocrx_word' id='word_1_276' title='bbox 807 3376 810 3442; x_wconf 96' lang='grc' dir='ltr'>Ι</span> <span class='ocrx_word' id='word_1_277' title='bbox 835 3371 905 3428; x_wconf 74' lang='grc' dir='ltr'><strong><em>καθ’</em></strong></span> <span class='ocrx_word' id='word_1_278' title='bbox 927 3371 972 3444; x_wconf 81' lang='grc' dir='ltr'><strong><em>ἃς]</em></strong></span> <span class='ocrx_word' id='word_1_279' title='bbox 995 3372 1036 3434; x_wconf 88' lang='grc' dir='ltr'><strong><em>εἰς</em></strong></span> <span class='ocrx_word' id='word_1_280' title='bbox 1060 3372 1094 3434; x_wconf 81' lang='grc' dir='ltr'><strong><em>ἅς</em></strong></span> 
     </span>
     <span class='ocr_line' id='line_1_31' title="bbox 137 3441 1145 3513; baseline 0.003 -17"><span class='ocrx_word' id='word_1_281' title='bbox 137 3448 169 3496; x_wconf 85' lang='grc'><strong><em>13</em></strong></span> <span class='ocrx_word' id='word_1_282' title='bbox 189 3441 375 3512; x_wconf 83' lang='grc' dir='ltr'><strong><em>ἰσημερίαι-</em></strong></span> <span class='ocrx_word' id='word_1_283' title='bbox 394 3443 482 3511; x_wconf 80' lang='grc' dir='ltr'><strong><em>τροπή</em></strong></span> <span class='ocrx_word' id='word_1_284' title='bbox 502 3444 603 3498; x_wconf 75' lang='lat' dir='ltr'><strong>desunt</strong></span> <span class='ocrx_word' id='word_1_285' title='bbox 626 3445 654 3498; x_wconf 86' lang='lat' dir='ltr'><em>Y</em></span> <span class='ocrx_word' id='word_1_286' title='bbox 724 3451 757 3498; x_wconf 82' lang='lat'><strong><em>14</em></strong></span> <span class='ocrx_word' id='word_1_287' title='bbox 776 3445 893 3513; x_wconf 83' lang='grc' dir='ltr'><strong><em>φαύσεις</em></strong></span> <span class='ocrx_word' id='word_1_288' title='bbox 924 3445 951 3497; x_wconf 92' lang='grc' dir='ltr'><strong><em>Β</em></strong></span> <span class='ocrx_word' id='word_1_289' title='bbox 1025 3448 1057 3496; x_wconf 86' lang='grc'><strong><em>16</em></strong></span> <span class='ocrx_word' id='word_1_290' title='bbox 1072 3445 1145 3513; x_wconf 79' lang='grc' dir='ltr'><strong><em>φαύ-</em></strong></span> 
     </span>
     <span class='ocr_line' id='line_1_32' title="bbox 135 3511 1145 3585; baseline 0.002 -18"><span class='ocrx_word' id='word_1_291' title='bbox 135 3531 203 3576; x_wconf 85' lang='grc' dir='ltr'><strong><em>σεως</em></strong></span> <span class='ocrx_word' id='word_1_292' title='bbox 221 3514 257 3583; x_wconf 88' lang='grc' dir='ltr'><strong><em>Β,</em></strong></span> <span class='ocrx_word' id='word_1_293' title='bbox 277 3515 384 3583; x_wconf 81' lang='grc' dir='ltr'><strong><em>φύσεος</em></strong></span> <span class='ocrx_word' id='word_1_294' title='bbox 403 3516 440 3569; x_wconf 89' lang='lat' dir='ltr'><strong><em>M</em></strong></span> <span class='ocrx_word' id='word_1_295' title='bbox 458 3521 462 3582; x_wconf 93' lang='grc' dir='ltr'>Ι</span> <span class='ocrx_word' id='word_1_296' title='bbox 483 3524 606 3584; x_wconf 83' lang='grc' dir='ltr'><strong><em>φυσικῶς</em></strong></span> <span class='ocrx_word' id='word_1_297' title='bbox 624 3513 655 3569; x_wconf 73' lang='grc' dir='ltr'><strong><em>δὲ</em></strong></span> <span class='ocrx_word' id='word_1_298' title='bbox 673 3515 690 3585; x_wconf 83' lang='grc' dir='ltr'><strong><em>ή</em></strong></span> <span class='ocrx_word' id='word_1_299' title='bbox 711 3514 808 3584; x_wconf 80' lang='grc' dir='ltr'><strong><em>σελήνη</em></strong></span> <span class='ocrx_word' id='word_1_300' title='bbox 828 3515 885 3569; x_wconf 82' lang='grc' dir='ltr'><strong><em>ύιτδ</em></strong></span> <span class='ocrx_word' id='word_1_301' title='bbox 903 3512 954 3584; x_wconf 70' lang='grc' dir='ltr'><strong><em>μὲν</em></strong></span> <span class='ocrx_word' id='word_1_302' title='bbox 972 3511 1092 3569; x_wconf 83' lang='grc' dir='ltr'><strong><em>συνόδου</em></strong></span> <span class='ocrx_word' id='word_1_303' title='bbox 1111 3549 1145 3556; x_wconf 99' lang='grc'>-</span> 
     </span>
    </p>

    <p class='ocr_par' dir='ltr' id='par_1_8' title="bbox 134 3583 1149 3727">
     <span class='ocr_line' id='line_1_33' title="bbox 157 3583 1145 3661; baseline 0.001 -21"><span class='ocrx_word' id='word_1_304' title='bbox 157 3590 251 3654; x_wconf 77' lang='grc'><strong><em>,30,’1</em></strong></span> <span class='ocrx_word' id='word_1_305' title='bbox 272 3584 408 3659; x_wconf 78' lang='grc' dir='ltr'><strong><em>ξηροτύτη</em></strong></span> <span class='ocrx_word' id='word_1_306' title='bbox 431 3585 490 3661; x_wconf 75' lang='grc' dir='ltr'><strong><em>ὥρᾳ</em></strong></span> <span class='ocrx_word' id='word_1_307' title='bbox 507 3587 542 3640; x_wconf 87' lang='grc' dir='ltr'><em>Η</em></span> <span class='ocrx_word' id='word_1_308' title='bbox 561 3585 580 3640; x_wconf 87' lang='lat' dir='ltr'><strong><em>f.</em></strong></span> <span class='ocrx_word' id='word_1_309' title='bbox 601 3591 679 3640; x_wconf 60' lang='grc'>1681.</span> <span class='ocrx_word' id='word_1_310' title='bbox 771 3591 803 3638; x_wconf 79' lang='grc'><strong><em>17</em></strong></span> <span class='ocrx_word' id='word_1_311' title='bbox 823 3586 879 3640; x_wconf 79' lang='grc' dir='ltr'><strong><em>ἀπὸ</em></strong></span> <span class='ocrx_word' id='word_1_312' title='bbox 903 3583 934 3639; x_wconf 74' lang='grc' dir='ltr'><strong><em>δὲ</em></strong></span> <span class='ocrx_word' id='word_1_313' title='bbox 956 3585 1059 3655; x_wconf 84' lang='grc' dir='ltr'><strong><em>ταύτης</em></strong></span> <span class='ocrx_word' id='word_1_314' title='bbox 1083 3585 1145 3651; x_wconf 78' lang='grc' dir='ltr'><strong><em>ἕωςΙ</em></strong></span> 
     </span>
     <span class='ocr_line' id='line_1_34' title="bbox 134 3603 1149 3727; baseline 0.003 -18"><span class='ocrx_word' id='word_1_315' title='bbox 134 3603 166 3710; x_wconf 63' lang='grc' dir='ltr'><strong><em>ἰν</em></strong></span> <span class='ocrx_word' id='word_1_316' title='bbox 181 3654 208 3709; x_wconf 80' lang='grc' dir='ltr'><strong><em>δ’</em></strong></span> <span class='ocrx_word' id='word_1_317' title='bbox 222 3654 329 3725; x_wconf 77' lang='grc' dir='ltr'><strong><em>ἐκείνης</em></strong></span> <span class='ocrx_word' id='word_1_318' title='bbox 347 3656 393 3711; x_wconf 77' lang='grc' dir='ltr'><strong><em>ἐτιλ</em></strong></span> <span class='ocrx_word' id='word_1_319' title='bbox 410 3665 459 3726; x_wconf 82' lang='grc' dir='ltr'><strong><em>τῆς</em></strong></span> <span class='ocrx_word' id='word_1_320' title='bbox 478 3657 544 3710; x_wconf 89' lang='grc' dir='ltr'><strong><em>ΧΗ</em></strong></span> <span class='ocrx_word' id='word_1_321' title='bbox 616 3661 649 3709; x_wconf 86' lang='grc'><strong><em>19</em></strong></span> <span class='ocrx_word' id='word_1_322' title='bbox 663 3656 693 3711; x_wconf 77' lang='grc' dir='ltr'><strong><em>ἐκ</em></strong></span> <span class='ocrx_word' id='word_1_323' title='bbox 703 3675 773 3725; x_wconf 90' lang='lat' dir='ltr'><strong><em>-p.</em></strong></span> <span class='ocrx_word' id='word_1_324' title='bbox 789 3662 852 3723; x_wconf 89' lang='grc'><strong><em>30,1</em></strong></span> <span class='ocrx_word' id='word_1_325' title='bbox 868 3657 952 3727; x_wconf 81' lang='grc' dir='ltr'><strong><em>ψύχει</em></strong></span> <span class='ocrx_word' id='word_1_326' title='bbox 966 3658 1067 3712; x_wconf 74' lang='lat' dir='ltr'><strong>desunt</strong></span> <span class='ocrx_word' id='word_1_327' title='bbox 1082 3659 1149 3712; x_wconf 88' lang='grc' dir='ltr'><strong><em>ΧΗ</em></strong></span> 
     </span>
    </p>
   </div>
   <div class='ocr_carea' id='block_1_5' title="bbox 0 0 1406 4214">
    <p class='ocr_par' dir='ltr' id='par_1_9' title="bbox 0 0 1406 4214">
     <span class='ocr_line' id='line_1_35' title="bbox 0 0 1406 4214; baseline 0 0"><span class='ocrx_word' id='word_1_328' title='bbox 0 0 1406 4214; x_wconf 95' lang='lat' dir='ltr'><strong><em> </em></strong></span> 
     </span>
    </p>
   </div>
  </div>
 </body>
</html>
