2788 4222
215 289 280 344 XIV
618 288 824 345 PRAEFATIO

214 457 333 516 videtur
355 460 476 515 auctore
499 458 688 534 intermedio,
714 457 759 516 ita
781 460 816 517 ut
838 459 994 536 neglegere
1017 477 1067 518 eas
1089 460 1166 519 hanc
1189 460 1226 520 ob

215 563 335 604 causam
357 549 459 605 nostro
481 545 544 604 iure
567 547 722 621 possimus.
763 549 864 605 tamen
886 547 918 604 id
941 565 995 605 nos
1017 551 1116 606 tenere
1141 569 1227 624 opor·

215 637 275 706 tet,
312 634 391 709 quod
427 653 462 692 ex
493 635 581 693 huius
618 635 725 710 capitis
757 635 969 710 compositione
1006 636 1116 695 discere
1148 638 1228 711 licet,

216 741 276 781 non
302 743 361 783 uno
388 725 507 782 tantum
534 726 653 782 auctore
681 727 853 783 contentum
884 725 974 783 trisse
1002 724 1034 782 in
1061 725 1228 803 colligenda

215 811 341 870 materia
363 811 518 870 librarium
541 816 683 888 nostrum,
705 812 796 872 immo
818 814 918 888 plures
940 813 1090 871 interdum
1112 815 1150 873 ab
1173 814 1227 875 illo

216 900 364 960 adhibitos
388 919 459 975 csse,
482 904 518 958 ut
540 921 632 959 unum
650 902 849 977 compleretur
867 902 1002 977 opusculi
1020 905 1118 977 caput.
1154 903 1228 962 haec

215 988 267 1047 ubi
289 989 471 1063 monuimus,
498 989 626 1064 primum
654 1009 771 1066 quoque
797 989 990 1066 inspiciamus
1014 993 1117 1066 caput,
1144 992 1227 1050 cuius

217 1096 292 1153 quae
324 1079 466 1154 legrmtur
495 1077 574 1153 apud
601 1078 740 1137 Treuium
768 1074 809 1155 (p.
834 1080 1021 1154 3,1-9,13
1054 1079 1132 1163 λύμῃ
1159 1077 1227 1159 τὴν)

215 1166 329 1225 tradita
360 1169 429 1225 sunt
458 1167 549 1225 etiam
579 1167 611 1225 in
643 1167 791 1243 Lipsiensi
827 1167 926 1228 codice
962 1167 1104 1244 quodam,
1141 1188 1229 1244 quem

216 1255 329 1331 primus
359 1255 453 1314 edidit
480 1255 714 1316 Tischendorfius
743 1257 775 1315 in
797 1256 958 1316 Anecdotis
985 1257 1076 1316 sacris
1104 1260 1135 1316 et
1160 1276 1228 1333 pro·

217 1345 303 1420 fanis,
327 1344 446 1419 Lipsiae
467 1346 551 1404 1855
572 1337 631 1426 (ed.
650 1346 702 1404 alt.
720 1338 820 1424 1861)
838 1366 867 1421 p.
884 1347 938 1405 58:
962 1365 1020 1421 quo
1042 1346 1229 1421 factumest,

217 1438 252 1492 ut
273 1435 374 1509 plures
402 1433 464 1491 iam
493 1434 685 1493 disseruerint
715 1435 750 1493 de
779 1435 826 1494 his
857 1435 1032 1512 fragmentis
1055 1435 1113 1494 viri
1140 1436 1228 1495 docti.

218 1525 307 1598 atque
338 1522 574 1582 Tischendorfius
604 1523 667 1598 ipse
705 1524 805 1584 omnia
833 1523 887 1582 illa
916 1524 1025 1582 referre
1059 1525 1155 1584 voluit
1191 1525 1229 1583 ad

217 1611 338 1670 Ioannis
361 1611 439 1686 Lydi
460 1611 552 1671 libros
575 1611 714 1687 diversos,
738 1632 828 1689 quam
851 1613 1029 1672 sententiam
1051 1633 1111 1673 non
1134 1615 1230 1672 solum

217 1700 415 1775 probabilem,
443 1699 494 1757 sed
521 1719 614 1776 paene
637 1701 833 1760 necessariam
860 1719 922 1760 esse
950 1701 1026 1759 dixit
1047 1701 1080 1759 L.
1104 1701 1230 1778 Traube,

217 1788 310 1847 Varia
332 1788 495 1846 libamenta
519 1789 621 1846 critica
638 1809 667 1865 p.
688 1791 739 1863 28,
765 1789 955 1866 impugnavit
976 1791 999 1847 I.
1014 1791 1046 1848 F.
1063 1791 1229 1850 Schultzius

219 1876 432 1945 Quaestionum
454 1876 656 1952 Lydianarum
678 1878 828 1953 particula
849 1879 948 1953 priore
970 1898 998 1954 p.
1024 1880 1052 1937 5.
1085 1879 1133 1938 hic
1152 1880 1231 1939 enim

218 1966 392 2042 fragmentis
416 1965 681 2025 Tischendorfianis
712 1967 785 2025 alios
816 1967 942 2026 aliorum
972 1971 1126 2027 auctorum
1148 1970 1229 2029 locos

219 2055 366 2115 admixtos
381 2073 443 2114 esse
458 2055 627 2130 suspicatus
646 2059 699 2114 est.
732 2058 762 2114 et
776 2075 829 2133 ego
844 2055 963 2132 quidem
976 2056 1072 2134 magis
1088 2057 1230 2116 Schultaii

220 2143 354 2219 opinioni
374 2144 489 2204 accedo.
532 2163 603 2202 nam
624 2143 650 2203 si
667 2144 752 2205 nobis
771 2145 948 2220 proponitur
965 2145 1109 2221 quaestio,
1130 2150 1232 2205 utrum

220 2233 319 2292 omnia
345 2234 419 2292 haec
446 2234 614 2309 ‘rragmema
641 2234 679 2291 ad
706 2233 815 2291 librum
842 2234 877 2291 de
904 2234 1055 2293 mensibus
1082 2234 1231 2310 pertinere

218 2325 356 2398 putemus
375 2341 475 2390 necne,
497 2339 544 2380 res
562 2321 647 2381 nobis
666 2322 781 2399 agenda
800 2325 846 2382 est
864 2322 1039 2381 difficillima
1058 2323 1232 2395 diiudicatu,

220 2411 361 2487 quoniam
384 2412 479 2470 altera
502 2413 645 2486 exparte
668 2412 741 2470 adeo
764 2411 849 2471 varia
872 2413 917 2470 cst
939 2411 1065 2470 materia
1087 2412 1232 2472 librorum

219 2499 434 2575 Lydianomm,
470 2503 505 2558 ut
535 2499 604 2557 inde
636 2500 661 2559 si
691 2500 864 2560 concludere
896 2501 1053 2574 vellemus,
1092 2520 1124 2558 re
1161 2519 1233 2559 vera

222 2589 322 2648 omnia
352 2588 426 2647 haec
462 2589 631 2666 fragmenta
666 2589 728 2648 illis
760 2589 921 2648 attribuere
953 2607 1105 2664 possemus
1137 2608 1232 2665 neque

220 2677 317 2734 ullum
336 2679 414 2736 esset
428 2678 507 2752 quod
520 2677 722 2754 refragaretur
740 2677 867 2737 aliorum
884 2679 1051 2752 temporum
1070 2677 1233 2737 aliorumve

221 2768 375 2825 auctorum
397 2765 551 2839 indicium3
580 2767 631 2825 sed
659 2768 754 2825 altera
781 2787 816 2823 ex
843 2769 929 2841 parte
955 2765 1043 2825 modo
1067 2766 1233 2840 didicimus,

221 2854 289 2912 aliis
311 2855 384 2913 locis
411 2855 511 2931 plures
538 2873 598 2913 uno
625 2859 760 2914 auctores
790 2855 951 2930 exscriptos
981 2873 1044 2913 esse
1068 2873 1086 2912 a
1108 2855 1231 2915 librario

220 2943 328 3002 codicis
347 2943 386 3001 R:
409 2962 501 3020 quare
525 2963 615 3020 quam
637 2944 823 3003 cautissimos
845 2962 899 3003 nos
922 2962 985 3002 esse
1004 2942 1108 3001 debere
1128 2963 1232 3004 censeo

220 3033 253 3091 in
266 3033 385 3091 illarum
398 3033 592 3109 reliquiarum
606 3033 820 3092 distributione.
856 3032 1047 3108 quamobrem
1060 3052 1120 3092 non
1134 3033 1233 3092 omnia

220 3123 308 3181 huius
327 3121 433 3197 capitis
452 3122 620 3198 fragmenta
637 3121 670 3179 in
689 3121 849 3180 editionem
861 3120 968 3197 recepi,
991 3121 1042 3179 sed
1055 3121 1115 3179 tria
1130 3141 1232 3181 eorum

221 3230 330 3289 genera
353 3209 562 3288 distinguenda
585 3229 648 3269 esse
672 3211 742 3268 duxi
765 3211 851 3268 haec:

287 3301 310 3358 I.
333 3301 427 3373 locos,
455 3318 580 3374 quorum
603 3300 722 3359 omnino
750 3317 804 3357 nec
826 3299 895 3357 vola
922 3318 976 3357 nec
998 3299 1158 3376 vestigium
1180 3317 1232 3375 ap-

221 3391 308 3465 paret
339 3389 369 3447 in
397 3388 532 3464 Lydiano
564 3388 640 3448 libro
673 3389 709 3446 de
740 3387 903 3461 mensibus,
935 3407 1066 3464 quosque
1099 3407 1165 3448 eam
1197 3387 1234 3446 ob

222 3496 341 3536 causam
365 3497 400 3536 ex
425 3478 478 3537 illo
507 3476 695 3553 depromptos
723 3496 786 3536 esse
813 3477 896 3536 nullo
922 3476 1010 3537 modo
1038 3475 1236 3536 demonstrari

221 3568 328 3642 potest.
375 3569 443 3625 sunt
475 3568 575 3625 autem
606 3567 650 3624 hi:
691 3566 769 3624 Treu
796 3585 825 3640 p.
855 3567 926 3639 3,1
960 3561 1026 3647 περὶ
1054 3557 1235 3644 Ἀδιαβηνῆς

222 3647 312 3736 (libro
344 3655 380 3713 de
413 3655 536 3714 ostentis
566 3655 672 3714 tribuit
694 3654 810 3714 Traube
837 3654 856 3713 l.
880 3646 928 3735 a).
954 3687 992 3696 -
1021 3674 1050 3730 p.
1076 3656 1139 3728 5,1
1170 3651 1236 3735 περὶ
