2788 4222
565 293 769 349 PRAEFATIO
1124 293 1173 349 LV

159 463 220 520 miti
243 462 382 537 solemuS,
413 462 572 522 lectionum
598 463 743 538 varietus,
774 464 892 522 omnino
920 463 981 523 fere
1009 481 1062 522 nos
1090 463 1173 521 dere·

161 551 281 626 linquit.
331 554 365 608 ut
392 551 471 609 enim
497 552 595 627 ipsum
623 552 817 628 archetypum
844 553 921 611 circu
946 571 1057 610 annum
1087 554 1172 612 1300

160 639 360 715 conscriptum
384 641 429 698 est
452 641 574 716 eiusque
598 642 771 718 apographa
793 641 833 699 ad
854 661 947 700 unum
970 641 1070 700 omnic
1092 641 1172 699 intra

161 729 303 788 ducentos
332 729 369 786 ub
396 729 449 788 illo
477 730 603 788 termino
630 748 722 790 annos
751 730 884 789 confecta
912 732 993 804 sunt,
1021 749 1116 805 neque
1139 731 1171 787 in

160 818 318 876 verborum
341 837 418 876 nexu
444 817 643 896 intellegendo
667 838 762 895 neque
781 819 813 877 in
836 817 1033 878 describendis
1055 819 1172 878 litteru-

160 927 229 965 rum
259 906 395 965 ductibus
426 908 530 965 tantae
561 907 680 966 inerant
709 908 914 983 difficultates,
946 911 1077 984 quantae
1109 926 1172 966 esse

160 995 267 1071 solent,
290 1014 356 1053 oum
380 995 415 1053 de
438 997 631 1054 remotiorum
653 999 821 1073 temporum
839 997 987 1056 codicibus
1007 996 1171 1056 describen-

159 1085 206 1144 dis
230 1085 338 1162 agitur.
385 1103 443 1159 quo
466 1085 577 1143 fectum
601 1088 659 1160 est,
685 1088 721 1143 ut
743 1086 843 1145 omniu
866 1086 1039 1162 apographa
1062 1085 1101 1144 ad
1122 1085 1172 1144 lit-

158 1175 257 1232 terum
286 1174 348 1232 fere
378 1174 565 1232 consentiunt
595 1192 662 1232 oum
689 1174 755 1249 ipso
785 1175 907 1233 Maximi
938 1174 1113 1249 archetypo:
1146 1174 1172 1232 si

159 1281 231 1321 vero
256 1295 297 1303 —
321 1265 355 1319 ut
378 1261 533 1320 tritissimo
560 1262 650 1321 verbo
678 1263 724 1320 uti
751 1262 842 1321 liceat
865 1295 907 1304 -
931 1262 1006 1320 duce
1034 1281 1081 1320 res
1105 1280 1172 1320 oum

158 1351 251 1410 tertie
274 1351 403 1426 quadam
426 1353 605 1426 congruunt,
633 1368 682 1409 eus
707 1353 737 1409 et
758 1351 838 1409 inter
860 1369 891 1409 se
915 1369 1074 1427 congruere
1099 1369 1171 1425 opus

158 1444 214 1498 est.
261 1442 351 1514 atque
375 1440 580 1514 excerptorum
604 1438 723 1514 quidem
751 1459 786 1498 ex
808 1439 874 1515 ipsc
896 1439 1049 1498 Plenudea
1072 1457 1171 1496 recen·

159 1530 243 1587 sione
275 1528 423 1586 factorum
451 1527 564 1586 codices
591 1527 670 1602 MN,
697 1531 733 1598 ut
760 1529 871 1586 saeculi
898 1528 970 1586 sunt
995 1527 1067 1584 XIV
1094 1545 1173 1585 eam·

159 1636 220 1692 que
244 1616 281 1675 ob
304 1636 367 1674 rem
389 1616 521 1691 proxime
545 1616 689 1674 accedunt
712 1616 750 1674 cd
773 1617 895 1676 Maximi
918 1620 1062 1694 tempora,
1091 1618 1173 1675 rectu

160 1705 211 1765 via
225 1725 260 1762 ex
275 1705 337 1763 eius
347 1705 519 1781 apographo
528 1705 668 1763 videntur
681 1706 877 1764 descendisse:
891 1723 945 1782 pro
956 1708 1035 1764 certo
1051 1705 1172 1780 quidem

159 1793 310 1852 affirmare
333 1811 497 1868 possumus,
520 1794 595 1851 nihil
618 1794 655 1852 iis
678 1795 721 1852 rei
745 1813 807 1860 esse
831 1814 899 1853 cum
916 1793 1039 1870 reliquis
1059 1793 1171 1868 plenio-

158 1883 241 1940 ribus
256 1882 414 1957 codicibnS,
434 1883 485 1958 qui
505 1883 542 1940 ad
556 1903 648 1941 unum
663 1902 763 1942 omnes
779 1884 952 1942 recentioris
966 1886 1037 1942 sunt
1051 1881 1172 1956 aetatis3

159 1975 316 2049 praeterea
339 1974 440 2030 autem
462 1971 486 2029 L
511 1990 627 2047 quoque
651 1975 812 2048 seponatur
834 1991 951 2031 necesse
975 1975 1033 2048 est,
1062 1971 1172 2047 quippe

159 2061 213 2136 qui
230 2061 350 2119 brevem
368 2062 486 2118 tuntum
504 2060 656 2120 contineat
668 2064 839 2136 tractatum,
858 2061 941 2120 cuius
955 2061 1056 2120 variae
1071 2060 1173 2118 lectio·

159 2168 212 2208 nes
232 2150 304 2208 adeo
328 2151 398 2207 sunt
421 2167 542 2224 paucae,
565 2152 599 2207 ut
622 2150 660 2207 ud
683 2150 879 2208 definiendam
902 2150 1009 2209 codicis
1028 2149 1173 2226 originem

160 2238 236 2296 nihil
259 2239 387 2298 valeant.
434 2241 581 2312 quantum
606 2257 676 2298 vero
701 2239 740 2298 ad
765 2239 897 2314 reliquos
925 2239 1035 2297 attinet
1059 2237 1172 2296 codices

149 2325 326 2401 —ODEEG,
354 2326 533 2403 comparatis
555 2327 634 2385 inter
662 2345 691 2386 se
715 2346 818 2386 eorum
840 2327 1015 2386 lectionibus
1038 2324 1070 2383 id
1092 2326 1172 2384 vide-

157 2418 212 2474 tur
240 2415 329 2490 effici,
358 2416 417 2474 DE
446 2415 540 2474 artius
574 2415 653 2474 inter
681 2435 711 2474 se
739 2418 893 2476 cohaerere
920 2416 1052 2490 itemquo
1081 2413 1172 2472 GEG.

162 2504 341 2563 enumerabo
365 2507 477 2578 autem,
504 2524 541 2562 ne
564 2504 672 2581 longus
696 2505 760 2578 sim,
782 2505 875 2563 trium
897 2505 1032 2580 priorum
1054 2506 1170 2562 tantum

156 2592 305 2652 librorum
327 2593 478 2668 lectiones,
502 2592 609 2668 quibus
632 2593 663 2651 id
687 2593 919 2653 demonstretur:

158 2791 189 2848 p.
202 2772 259 2845 8,7
324 2770 429 2842 κτίζειν
452 2767 558 2851 ἤρξατο
580 2771 638 2829 DE
693 2767 800 2850 ἤρξατο
827 2770 932 2843 κτίζειν
957 2769 1040 2830 dns

202 2862 253 2935 21,
265 2862 306 2919 20
320 2863 427 2919 πολῶν
450 2859 508 2918 DE
693 2863 809 2921 πολλῶν
834 2858 917 2919 GFG

204 2950 281 3022 24,1
326 2947 532 3028 διαιρούμενον
550 2946 641 3007 DEG
694 2945 903 3028 διαιρουμένου
927 2948 1018 3008 OEM

203 3039 305 3111 26‚17
325 3037 486 3114 κινήματος
496 3035 640 3116 σχήματος
693 3036 839 3117 κινήματα
862 3034 1006 3116 σχήματος
1028 3037 1122 3096 EGM

265 3216 306 3273 20
326 3213 544 3293 μεσονράνιομα
561 3215 620 3274 DE
695 3213 904 3295 μεσοοράνημα
931 3214 994 3273 rell.
1023 3209 1060 3290 (E
1085 3205 1173 3294 corr.)

200 3304 306 3376 euro
326 3301 375 3362 οα
398 3301 484 3362 con
695 3302 745 3362 οια
766 3302 858 3362 non

200 3382 420 3468 31,11ἦνέν
442 3391 521 3452 αὐτῶ
546 3391 627 3452 ΟΕΕ
694 3382 733 3470 ἦν
756 3391 835 3452 αὐτῶ
857 3392 922 3450 DM

200 3482 283 3554 39,8
326 3478 491 3561 οὐμηβόλον
512 3481 571 3540 DE
695 3479 861 3560 οὐρηβόρον
885 3477 970 3538 OEG

200 3569 305 3642 45,17
325 3566 380 3649 μὰρ
403 3569 462 3628 DE
693 3559 749 3628 οὖν
772 3567 855 3627 OEG

200 3658 283 3731 48‚8
326 3655 472 3736 χωρηθιὶς
494 3658 552 3716 DE
694 3653 919 3737 παραχωρηθεὶς
944 3655 1027 3717 CEG
