2788 4222
566 256 771 312 PRAEFATIO
1113 259 1173 312 LXI

282 421 383 505 ὀρθῶς
405 421 463 504 ἄρα
481 418 541 506 (ed.
560 446 589 501 p.
611 430 638 498 1,
655 420 688 500 1)
704 457 744 466 -
760 422 888 504 ἀριθμὸς
906 421 1077 503 ὀνομάζεται
1095 418 1172 507 (cod.

283 516 303 574 f.
324 516 391 587 34¹,
419 515 463 572 ed.
486 535 515 590 p.
536 515 613 588 183,
634 506 699 595 19).
745 513 798 590 qui
825 515 955 574 codicem
984 515 1102 591 scripsit
1130 534 1174 590 ea,

284 621 361 680 quae
387 603 419 660 in
447 604 608 679 archetypo
637 603 697 679 legi
724 622 783 662 non
808 606 961 679 poterant,
993 603 1174 679 intemptata

283 691 419 767 reliquit:
447 691 501 750 illa
523 710 592 752 vero
619 691 777 766 explanare
805 692 921 752 studuit
947 695 1052 768 postea
1079 694 1174 751 altera

283 799 400 854 manus,
422 780 458 838 de
482 799 542 856 qua
564 780 645 840 infra
667 798 764 856 pauca
787 784 876 844 erunt
898 781 1030 840 dicenda.

234 871 260 928 B
284 869 393 930 codex
406 869 595 928 Parisinus
609 887 759 947 graecus
775 871 861 929 3084
876 870 1048 930 chartaceus
1059 871 1175 930 sXVII
1203 891 1229 922 ee
1247 910 1253 921 ·

284 958 426 1018 foliorum
446 961 497 1032 60,
516 977 644 1034 quorum
662 958 682 1016 f.
699 959 819 1016 1-1t5r
837 959 1006 1018 continetur
1024 954 1175 1020 ‘Iohannis

284 1046 442 1107 Laurentii
467 1046 723 1122 Philadelphensis
748 1047 825 1121 Lydi
851 1047 927 1107 liber
953 1048 989 1106 de
1016 1048 1176 1122 mensibus,

285 1136 414 1196 Emerioi
435 1135 550 1213 Bigotii
576 1154 668 1197 manu
695 1155 710 1194 e
738 1138 857 1196 vetusto
885 1136 987 1211 aliquo
1016 1137 1176 1212 exemplari

287 1218 463 1301 descriptns'
487 1216 537 1304 (of.
554 1223 648 1284 Gatal.
668 1223 750 1284 codd.
767 1243 835 1284 mss.
849 1224 921 1284 bibl.
935 1245 995 1301 reg.
1010 1225 1041 1284 Π
1059 1245 1087 1302 p.
1103 1226 1177 1299 606,

285 1313 354 1374 Per.
375 1310 483 1391 1740).
523 1313 632 1372 omisso
654 1314 788 1372 tractatu
810 1312 863 1372 illo
886 1313 922 1372 de
945 1313 1069 1372 fulmine
1093 1314 1177 1389 poni-

285 1405 337 1460 tur
354 1403 462 1462 titulus
484 1399 592 1461 ἐκτῶν
611 1400 741 1462 lodoveo
764 1409 816 1465 rod
835 1397 1046 1480 φιλαδελφέως,
1069 1402 1177 1478 quibus

287 1491 407 1562 subdita
436 1493 507 1550 sunt
536 1490 653 1564 eadem,
682 1509 758 1565 quae
788 1491 820 1550 in
847 1489 882 1551 A.
928 1491 948 1548 f.
972 1493 1013 1551 49
1043 1491 1178 1567 sequitur

289 1579 386 1638 Clodii
408 1581 498 1639 Tusci
524 1578 752 1652 Kalendarium‚
780 1580 816 1638 de
844 1599 902 1655 quo
930 1580 1032 1639 videas
1055 1581 1177 1638 Wachs·

286 1669 437 1727 muthinm
459 1690 487 1744 p.
506 1669 583 1728 XIX.

239 1757 263 1816 Τ
287 1758 395 1818 codex
414 1756 770 1834 Cryptoferratensis
794 1776 944 1834 graecus
964 1757 1075 1816 ZdVI
1094 1759 1176 1816 char·
1205 1781 1232 1810 00
1251 1799 1256 1809 .

288 1849 391 1906 taoeus
418 1846 625 1907 miscellaneus
653 1865 675 1906 s.
693 1847 878 1922 xv-xvl,
906 1847 1038 1906 continet
1065 1847 1085 1904 f.
1107 1847 1177 1907 156.

292 1936 353 1994 157
378 1931 411 1994 ἐκ
433 1943 491 1996 τῶν
508 1935 662 1995 Κλαυδίου
683 1935 816 1996 Τούσκου
839 1933 1026 2015 ἐφημερίδων
1044 1933 1180 2014 περὶτῆς

288 2032 340 2083 τοῦ
364 2024 475 2084 Νείλου
498 2021 668 2103 ἀναβάσεως
690 2022 723 2084 ἐν
746 2022 819 2102 μηνί
838 2017 959 2106 Ἰουλίῳ.
1001 2044 1089 2101 quem
1107 2025 1179 2083 titu-

289 2114 353 2172 lum
380 2132 447 2172 cum
470 2113 503 2174 in
530 2113 665 2173 codicum
693 2111 1016 2189 Cryptpferratensium
1043 2113 1179 2190 catalogo

288 2201 483 2278 repperissem
502 2194 639 2283 (Codices
658 2201 836 2278 Cryptenses
854 2221 907 2261 seu
925 2202 1073 2262 Abbatiae
1089 2200 1180 2278 Gryp-

289 2293 338 2350 tae
357 2291 499 2350 Ferratus
521 2291 553 2350 in
572 2291 741 2350 lbuculano
765 2291 873 2368 digesti
895 2294 927 2349 et
944 2291 1089 2350 illustrati
1110 2308 1182 2349 cura

292 2382 322 2438 st
345 2379 445 2438 studio
464 2379 500 2438 D.
519 2379 645 2438 Antonii
662 2379 780 2454 Bocchi,
803 2380 915 2440 Romae
936 2381 1021 2440 1884
1045 2400 1072 2455 p.
1093 2371 1182 2459 506),

290 2467 420 2530 Paulum
446 2467 542 2528 (ilaue
569 2468 753 2544 theologum,
782 2469 835 2543 qui
861 2471 934 2529 tuno
959 2466 1089 2544 Oryptee
1112 2467 1181 2526 Fer·

290 2560 375 2616 ratae
400 2556 506 2616 Sacrae
531 2556 695 2632 scripturae
719 2556 832 2616 codices
858 2556 1043 2633 inspiciebat,
1070 2557 1182 2634 rogavi,

291 2649 327 2704 ut
355 2645 446 2707 huius
475 2644 636 2722 fragmenti
667 2645 808 2707 lectiones
840 2646 939 2706 varias
972 2649 1120 2720 enotaret,
1152 2647 1182 2704 id

293 2735 374 2810 quod
394 2734 521 2794 libenter
543 2734 626 2794 fecit:
650 2753 742 2809 quare
766 2735 794 2794 ei
815 2735 870 2796 hoc
893 2755 1014 2812 qnoque
1032 2737 1097 2796 loco
1116 2754 1182 2813 gra·

293 2823 352 2884 ties
370 2824 479 2884 referre
493 2842 625 2898 aequum
643 2826 696 2882 est.
734 2823 924 2886 continentur
941 2827 997 2884 hoo
1015 2825 1182 2902 fragmento

293 2931 341 2986 ea,
374 2931 450 2987 quae
482 2912 517 2969 de
545 2912 608 2970 Nili
639 2912 820 2973 incremento
851 2916 1013 2975 narrantur
1045 2913 1183 2972 editionis

293 3022 322 3077 p.
343 3003 419 3076 144,
440 3001 592 3074 6-148,
613 3002 667 3075 243
699 3001 894 3076 transscripta
923 3007 1026 3063 autem
1055 3004 1125 3062 sunt
1151 3001 1184 3058 in

294 3109 381 3148 sunm
404 3090 546 3164 codicem,
574 3093 609 3150 ut
635 3092 715 3148 recte
742 3109 861 3150 monere
887 3091 1007 3152 ridetur
1030 3089 1138 3163 (ilaue,
1165 3106 1184 3147 a

293 3179 437 3238 monacho
460 3179 562 3254 aliquo
587 3176 744 3254 Oryptensi
767 3179 963 3240 inhonorem
986 3180 1015 3238 S.
1038 3176 1110 3251 Nili,
1133 3177 1183 3235 ab·

292 3267 392 3327 batiae
414 3267 496 3326 illius
519 3266 689 3328 conditoris.

240 3356 431 3432 Exemplar
457 3356 647 3415 Lambeoii.
693 3356 868 3418 Lambecius
895 3377 964 3416 cum
990 3373 1067 3414 anno
1098 3355 1182 3414 1655
1202 3349 1326 3443 ffilgffl

293 3445 416 3504 Parisiis
437 3465 452 3503 e
475 3445 677 3522 typographia
693 3446 776 3524 regia
800 3447 900 3505 ederet
918 3444 1080 3522 Georgium
1098 3443 1184 3503 dodi-

294 3553 367 3592 num
381 3534 416 3592 de
431 3533 596 3610 originibus
610 3533 958 3610 Constantinopolitanis,
972 3533 1004 3592 in
1018 3533 1185 3608 adnotatio-

295 3623 383 3682 nibus
404 3622 475 3682 huio
498 3623 614 3682 auctori
633 3624 778 3698 adspersis
800 3623 918 3699 saepius
937 3624 1099 3696 sententias
1118 3641 1185 3699 pro-
