2790 4214
219 264 261 329 38
579 267 686 321 LIBER
704 267 857 323 TERTIUS

174 437 201 490 Η
280 430 309 493 2.
334 431 400 494 Γον
413 437 501 514 μῆνα
517 432 600 495 κατὰ
618 431 678 495 τὸν
692 432 888 515 σεληνιακὸν
906 432 1033 516 δρόμον
1051 429 1150 516 ἠρίθ-
1163 437 1277 505 RrIII‚1

141 543 201 597 ΧΗ
214 559 301 619 μουν
324 537 356 601 οί
379 539 528 620 παλαιοί,
556 538 658 602 ἔνθεν
684 535 739 602 καὶ
767 539 833 623 μήν
859 537 1139 624 προσαγορεύεται
1162 533 1226 599 ἀπὸ

217 651 274 726 τῆς
296 645 415 726 μήνης,
442 640 592 708 τουτέστι
614 652 672 728 τής
699 647 849 728 σελήνης·
877 646 997 728 σελήνη
1020 639 1058 708 δὲ
1080 641 1144 708 ἀπὸ
1167 650 1227 706 τοῦ

172 759 200 812 Η
213 747 309 825 σέλας
336 747 388 815 ἀεὶ
415 747 494 815 νέον
520 751 616 834 ἔχειν.
668 751 734 834 μήν
765 752 829 836 γάρ
861 750 929 816 έστι
956 753 1076 835 χρόνος
1102 749 1228 816 ὁπόσον

189 854 259 920 σάν
287 855 305 921 ὁ
331 856 425 938 ήλιος
451 857 616 940 διηνυκὼς
643 863 708 940 εἴη,
737 856 774 922 έν
802 849 828 946 ᾧ
854 859 891 923 τὸ
919 857 983 923 ἀπὸ
1006 865 1066 922 τοῦ
1088 855 1227 938 ήλιαποῦ

168 951 171 960 ’
216 959 356 1048 κέντρου
382 974 454 1047 φῶς
482 961 535 1028 ἐπὶ
562 964 623 1047 τήν
649 967 791 1049 σελήνην
823 967 1009 1050 φερόμενον
1035 960 1090 1028 καὶ
1116 982 1228 1047 περιο-

217 1069 341 1133 δεῦσαν
363 1071 410 1145 εἰς
432 1071 492 1135 τὸν
514 1069 618 1135 αὐτὸν
639 1068 846 1157 ἀποκαταστή
869 1073 974 1136 τόπον
996 1070 1080 1136 ὅθεν
1106 1065 1227 1154 ήρξατο
1291 1155 1293 1161 Ι

216 1175 437 1259 περιοδεύειν·
465 1176 548 1241 ὅθεν
574 1174 629 1241 καὶ
655 1175 720 1242 ἀπὸ
749 1177 896 1242 συνόδου
924 1178 971 1253 είς
998 1176 1144 1241 σύνοδον
1166 1174 1227 1256 τήν

216 1285 397 1365 νεομηνίαν
413 1293 571 1366 τιμῶντες
589 1286 841 1367 συνελογίζοντο
863 1283 923 1347 τὸν
941 1282 1096 1348 ἐνιαυτὸν
1113 1280 1227 1346 τεσσά-

176 1410 202 1448 ιο
217 1412 287 1474 ρων
316 1386 372 1453 καί
404 1391 607 1472 πεντήκοντα
642 1387 697 1454 καὶ
732 1392 932 1475 τριακοσίων
967 1387 1099 1474 ήμερῶν
1130 1382 1226 1468 είναι,

216 1496 299 1561 ὥστε
322 1493 445 1583 ἑκάστῳ
473 1494 553 1581 μηνὶ
575 1497 788 1581 περιβάλλειν
818 1494 915 1562 έννέα
940 1493 995 1560 καί
1019 1500 1123 1560 είκοσι
1144 1493 1227 1578 πρὸς

215 1612 253 1689 τῇ
276 1602 409 1689 ήμισείᾳ
430 1601 561 1688 ἡμέρας.

180 1720 198 1774 S
279 1709 308 1774 3.
320 1707 390 1773 Ὅτι
404 1713 540 1793 Τίμαιος
548 1717 613 1774 νῦν
622 1706 683 1793 μέν
692 1710 854 1793 γεννητὸν
863 1707 934 1774 κατ’
947 1711 1066 1791 αἰτίαν,
1081 1716 1145 1772 νῦν
1159 1716 1281 1771 deesth

215 1812 254 1880 δέ
276 1813 459 1898 ἀγέννητον
481 1815 540 1879 τὸν
562 1816 688 1898 κόσμον
710 1814 862 1900 δριΐεται·
886 1813 1069 1899 ἀγέννητον
1092 1811 1154 1898 μὲν
1171 1814 1229 1877 διὰ

176 1939 202 1978 1⁵
216 1923 274 1997 τάς
296 1919 333 1985 έν
356 1919 445 2008 αὐτῷ
468 1921 589 2003 νοητδς
611 1921 779 2005 δυνάμεις,
797 1921 959 2004 γεννητὸν
977 1917 1015 1986 δὲ
1033 1911 1088 1985 οἷα
1106 1919 1228 2005 ὁρατὸν

216 2026 322 2092 ἀπτόν
344 2050 379 2091 τε
402 2027 468 2110 ἅμα
485 2023 541 2091 καὶ
564 2037 657 2110 σῶμα
680 2029 806 2110 ἔχοντα.

176 2146 202 2199 Χ
277 2133 307 2197 4.
331 2133 463 2209 Κύκλος
489 2133 612 2209 παντὸς
639 2131 787 2218 ἀρνδμοῦ
815 2133 906 2199 έστιν
926 2133 946 2217 ή
970 2134 1068 2209 δεκάς
1089 2131 1145 2197 καὶ
1163 2143 1280 2212 RrIII,2

191 2293 192 2297 ,
215 2239 330 2326 πέρας·
353 2238 429 2326 περὶ
452 2240 557 2324 αὐτήν
574 2241 638 2326 γάρ
662 2241 848 2325 είλούμευοι
866 2239 921 2306 καὶ
943 2240 1228 2324 κατακάμπτοντες

217 2347 326 2433 ὥσπερ
353 2355 526 2432 καμπτῆρα
544 2347 787 2430 ’δολιχεύουσιν
814 2349 846 2414 οἱ
869 2347 1018 2434 ἀριθμοί.
1063 2347 1142 2432 ὅρος
1163 2347 1227 2432 γάρ

179 2473 205 2513 νο
219 2451 288 2518 ἐστι
310 2462 368 2536 τῆς
390 2452 540 2539 ἀπειρίας
563 2452 685 2519 αὐτῶν·
713 2453 777 2518 ἀπὸ
800 2455 864 2538 γάρ
886 2454 1032 2538 μονάδος
1054 2454 1148 2537 ἀχρις
1171 2451 1229 2517 αύ-

218 2568 276 2642 τής
307 2557 362 2624 καὶ
391 2563 494 2644 μόνης
523 2556 851 2646 ἀριθμήσαντες·καδ
881 2560 1014 2635 στάντες
1046 2558 1096 2624 ἐπ’
1125 2559 1229 2643 αὐτήν

220 2662 321 2742 αὖθις
347 2663 401 2730 ἐπὶ
428 2667 489 2749 τήν
515 2667 644 2749 μονάδα
671 2663 927 2751 ἀναστρέφομεν.
973 2666 1024 2731 ὅτι
1046 2663 1085 2731 δέ
1106 2667 1229 2742 παντὸς

220 2772 368 2859 ἀριθμοῦ
385 2773 559 2856 συνεκτική
577 2772 598 2855 ή
613 2773 720 2856 δεκάς,
738 2773 863 2857 μάρτυς
876 2771 896 2855 ή
911 2772 1022 2856 φύσις,
1036 2773 1080 2857 μή
1094 2777 1229 2849 πλείους

220 2891 288 2944 τῶν
319 2877 398 2944 δέκα
430 2878 603 2944 δακτύλων
638 2877 723 2943 ἀλλὰ
759 2874 842 2962 μηδὲ
874 2877 1028 2955 ἐλάττους
1060 2879 1228 2966 ἀνθρώπῳ

182 3005 207 3046 ει
220 2994 443 3074 παρασχοῦσα.
493 2985 597 3062 οὕτως
629 2987 693 3071 ἀρα
722 2983 778 3050 καὶ
810 2983 864 3050 ἐπὶ
894 2994 952 3068 τής
983 2994 1043 3051 τοῦ
1075 2985 1229 3051 ἐνιαυτοῦ

222 3094 352 3178 φύσεως
366 3094 457 3157 ἔστιν
470 3091 591 3177 εὑρεῖν,
610 3092 660 3157 ὅτι
680 3092 974 3177 συμπληρούμενος
990 3087 1102 3176 αὖθις,
1120 3093 1228 3179 ὥσπερ

223 3199 240 3266 ὁ
269 3199 348 3266 δέκα
378 3197 538 3284 ἀριθμός,
571 3199 618 3274 είς
650 3195 768 3263 ἑαυτὸν
799 3197 1011 3284 ἀναστρέφει·
1042 3196 1097 3263 καὶ
1126 3200 1264 3285 ταύτη3

293 3375 317 3410 v.
338 3361 371 3410 13
391 3355 424 3410 cf.
443 3354 515 3409 Plat.
534 3352 604 3408 Tim.
623 3373 650 3424 p.
666 3353 730 3410 260

293 3516 317 3552 v.
338 3503 354 3550 2
373 3505 457 3567 μῆνες
473 3496 777 3568 προσαγορεύονται-
792 3501 808 3549 3
826 3494 903 3564 παρὰ
922 3495 953 3550 τὸ
977 3493 1056 3560 σέλας
1074 3494 1139 3552 νέον
1158 3496 1230 3622 ἔήειν

223 3569 255 3623 Χ
304 3573 336 3622 18
356 3567 509 3637 εἱλούμενοι
523 3569 551 3622 Β
604 3574 638 3622 24
657 3567 770 3630 έλάτους
783 3568 819 3635 Α,
838 3586 932 3630 -ττονς
950 3584 1017 3622 corr.
1032 3569 1070 3640 A,
1122 3573 1156 3623 26

224 3638 272 3695 δπι
290 3639 317 3693 Α
1192 3569 1229 3640 τι]
