2790 4214
223 282 266 345 30
602 281 711 334 LIBER
728 281 849 335 ALTER

148 457 204 509 ΧΗ
224 446 369 510 σύνοδον
382 445 489 529 ψύχει.
520 446 620 509 ἔνθεν
644 439 735 528 οἶμαι
757 446 836 520 τοὺς
858 441 934 528 περὶ
957 448 1121 528 γεωργίαν
1140 443 1232 528 ε’σχο-

223 553 361 626 λακότας
384 549 540 636 ἀσφαλῶς
569 555 715 637 σπείρειν
737 548 799 635 μὲν
821 548 876 615 καί
899 551 1058 635 φυτεύειν
1080 549 1156 635 περὶ
1176 568 1232 615 συ-
1344 615 1348 624 ,

223 659 344 734 νόδους
361 657 381 741 ή
400 659 638 741 πανσελήνους,
658 649 712 723 οἷα
735 659 775 741 δή
799 657 836 722 έν
859 655 1028 744 ὑγροτέρῳ
1051 667 1232 740 τηνικαῦτα

222 773 268 852 τῷ
292 764 364 850 ἀέρι
391 762 446 829 καί
467 764 551 849 πρὸς
572 762 705 846 γένεσιν
727 765 839 829 ἀλλων
861 761 1074 849 κεκινημένῳ·
1097 761 1174 848 περί
1194 761 1231 828 δὲ

196 873 280 947 ετάς
303 872 498 955 διχοτόμους
520 869 606 953 ύλην
628 894 677 953 τε,
697 871 757 953 ὅση
781 869 971 954 ε’ργάσιμος,
993 872 1153 935 κόπτουσι
1176 868 1231 934 καὶ

222 979 300 1052 τοὺς
317 978 400 1062 πρὸς
418 975 582 1041 ἀπόθεσιν
604 978 751 1062 καρποὺς
774 979 1038 1060 συγκομιζουσιν,
1058 967 1112 1040 οἷα
1134 977 1176 1059 δή
1195 976 1232 1042 ἐν

181 1095 208 1148 X
222 1081 380 1170 ξηροτέρᾳ
406 1093 445 1168 τῆ
470 1084 547 1170 ὥρη.
588 1081 643 1148 καί
671 1075 773 1147 ταῦτα
799 1078 860 1167 μὲν
888 1080 940 1147 έπί
967 1093 1035 1148 τῶν
1061 1085 1233 1166 αἰσθητῶν

151 1203 207 1256 ΧΥ
221 1187 276 1254 καὶ
300 1200 436 1275 νοητῶν.
482 1188 557 1276 περὶ
585 1186 621 1254 δὲ
648 1199 708 1254 τοῦ
732 1187 800 1254 κατ’
833 1189 980 1275 ἀριθμὸν
1006 1187 1189 1273 ἀξιώματος
1211 1189 1231 1254 δ

221 1296 373 1383 τέταρτος
400 1297 544 1382 ἀριθμὸς
565 1298 769 1381 τετράγωνός
793 1295 869 1360 ἐστι.
909 1299 1011 1381 μόνος
1038 1297 1101 1381 γὰρ
1126 1296 1232 1371 ἰσάκις

182 1431 208 1470 10
223 1399 293 1480 ἶσος
318 1405 470 1489 ἰσομερής
493 1403 530 1468 ἐκ
550 1415 617 1468 τῶν
640 1404 750 1468 αὐτῶν
767 1401 822 1467 καί
842 1401 998 1468 συνθέσει
1018 1401 1072 1466 καί
1091 1403 1230 1486 δυνάμει

182 1510 347 1595 Χπέφυκε
375 1517 572 1594 γεννᾶσθαι,
606 1511 768 1575 σύνθεσιν
795 1504 856 1593 μὲν
888 1504 951 1574 οὖν
983 1508 1019 1573 ἐκ
1051 1510 1146 1574 δυεῖν
1176 1506 1231 1572 καὶ

223 1619 332 1700 δυεῖν,
360 1619 504 1701 δύναμιν
527 1612 564 1681 δί
587 1616 622 1681 ἐκ
644 1626 705 1681 τοῦ
729 1614 781 1692 δίς
803 1616 880 1698 δύο,
903 1616 1074 1698 πάγκαλόν
1096 1639 1128 1679 τι
1151 1630 1231 1698 συμ-

150 1728 206 1780 ΧΥ
221 1726 348 1807 φῶνίας
380 1719 468 1800 εἶδος
501 1722 784 1806 ἐπιδεικνύμενος,
821 1721 839 1787 δ
872 1720 990 1807 μηδενὶ
1022 1733 1089 1786 τῶν
1121 1723 1231 1786 ἀλλων

221 1829 376 1915 ἀριθμῶν
399 1827 614 1913 συμβέβηκεν,
634 1829 716 1894 ὅθεν
733 1827 788 1893 καί
807 1828 1102 1912 ἀποτελεσματικὸς
1124 1832 1230 1892 καλεῖ-

182 1967 207 2006 15
221 1956 287 2000 ται·
315 1937 345 2000 εἰ
367 1937 430 2020 γάρ
460 1935 523 2000 ἀπὸ
550 1937 695 2020 μονάδος
721 1933 817 2020 μέχρι
839 1935 995 2018 τετράδος
1022 1933 1094 2018 ἑξῆς
1117 1954 1231 1999 συντε-

220 2049 315 2108 θεῖεν
337 2041 486 2127 ἀριθμοί,
510 2043 632 2107 δεκάδοι
655 2041 883 2106 ἀποτελοῦσιν.

128 2161 207 2216 XYS
269 2148 318 2213 10.
338 2150 405 2232 Τήν
419 2146 456 2214 δί
469 2148 619 2233 πέμπτην
638 2147 816 2232 Φαέθοντι,
835 2155 881 2235 τῷ
899 2148 1034 2212 πάντων
1053 2151 1283 2231 πλανή-ῶεΠ,9

221 2281 288 2322 τῶν
316 2256 540 2344 εὐκρατοτάτςο
573 2254 747 2322 ἀνέθεντο·
779 2258 848 2322 Δία
880 2250 917 2319 δέ
949 2253 1052 2318 αὐτὸν
1072 2252 1230 2337 Ἕλληνες

222 2367 387 2448 ζωογόνον
409 2369 639 2446 θεολογοῦσιν.
685 2362 768 2427 ὅθεν
789 2359 844 2426 καί
872 2361 909 2426 έν
931 2363 1046 2446 Κρήτη
1071 2367 1230 2444 τεχθῆναι

182 2492 207 2530 νο
221 2477 371 2554 μυθικῶς
395 2470 497 2535 αὐτὸν
519 2471 708 2554 βούλονται,
732 2467 769 2533 έν
786 2459 808 2554 ᾖ
826 2469 1016 2551 θανάσιμον
1035 2463 1135 2533 οὐδέν
1149 2466 1229 2551 φύε-

221 2599 288 2657 ται,
317 2574 387 2640 ἀλλ’
416 2572 495 2640 οὐδὲ
523 2577 622 2652 λύκος
648 2575 668 2658 ή
692 2574 795 2659 γλαὺξ
823 2575 1022 2659 εὑρίσκεται,
1056 2575 1100 2649 ὥς
1127 2590 1230 2658 φησιν

150 2680 412 2764 ΧΥἉντίγονος.
449 2679 503 2744 καί
519 2680 675 2766 ούράνιος
699 2677 736 2744 δὲ
754 2684 899 2745 καλεῖται
917 2681 999 2744 κατδι
1019 2681 1080 2762 τήν
1099 2679 1135 2744 έν
1152 2701 1229 2744 πεν-

289 2836 314 2873 v.
335 2825 368 2871 22
387 2817 482 2888 Antig.
501 2818 600 2873 mirab.
619 2836 642 2874 c.
664 2825 709 2874 10:
733 2820 766 2872 ού
786 2816 891 2889 γίνεται
910 2827 991 2872 τοῦτο
1010 2819 1040 2873 τὸ
1060 2821 1142 2886 ζῶον,
1161 2817 1229 2872 ἀλλά

220 2887 274 2945 κάν
288 2890 405 2960 εἰσαχθῆ
418 2893 539 2962 τελευτᾷ,
558 2888 689 2958 καθάπερ
704 2890 734 2944 αἱ
748 2893 863 2961 γλαῦκες
877 2889 907 2944 ἐν
922 2889 1026 2962 Κρήτη,
1045 2889 1075 2944 ἐν
1090 2882 1107 2962 ή
1121 2887 1229 2960 λέγουσι

220 2961 286 3016 ούδὲ
305 2964 374 3026 ζῶον
392 2958 553 3028 θανάσιμον
572 2959 655 3015 οὐδὲν
673 2961 724 3030 τὴν
742 2963 835 3032 χώραν
850 2959 953 3029 φέρειν,

290 3105 314 3140 v.
335 3093 348 3140 1
374 3085 530 3141 ἔνθεν-8
550 3085 704 3176 ἀξιῶματοη
727 3086 828 3139 desunt
850 3086 879 3140 Υ
913 3153 927 3209 e‘
949 3091 962 3138 1
983 3084 1097 3156 έχοντας
1120 3087 1162 3154 Χ,
1186 3085 1229 3174 έσῖ

219 3155 450 3297 ἀξιῶσι
493 3157 912 3298 7εικάιεεἀλλά
927 3157 1229 3298 νικύλεα

220 3301 352 3355 σύνθεσιν
366 3334 400 3341 -
418 3306 449 3353 13
464 3299 690 3368 ἐπιδεικνύμενος
713 3299 814 3352 desunt
841 3300 870 3353 Y
891 3299 895 3370 Ι
920 3300 1002 3353 δυοῖν
1025 3299 1074 3353 καί
1097 3301 1175 3354 δυεῖν
1199 3299 1231 3353 Χ

221 3376 254 3422 14
279 3372 408 3441 ἀριθμῶν
436 3370 514 3426 omis,
538 3372 567 3424 Y
635 3375 667 3423 15
687 3369 751 3440 ἀχρι
774 3370 819 3441 Y!
836 3369 897 3440 ἑξῆς
916 3368 994 3424 omia.
1018 3370 1052 3438 Y,
1076 3366 1155 3436 ἑξῆς
1174 3371 1202 3423 Β
1223 3371 1226 3442 λ

219 3446 379 3498 συντεθεῖεν
398 3443 476 3498 omiS.
491 3443 521 3496 D
608 3447 640 3495 16
660 3441 778 3510 ἀριθμοὶ
806 3440 883 3495 omiS.
908 3442 937 3495 Y
963 3443 967 3512 Ι
998 3441 1012 3496 δ
1037 3438 1105 3495 δέκα
1129 3440 1229 3495 ἀποτε-

218 3515 305 3565 λεῖται
328 3514 357 3566 Υ
444 3520 476 3568 17
501 3510 543 3568 ὅτι
566 3513 617 3582 τήν
635 3511 763 3582 πέμπτην
777 3546 811 3553 -
826 3519 859 3565 22
874 3510 1062 3582 ἀνιίγονοςδ
1132 3518 1164 3566 18
1184 3513 1228 3565 εύ-

219 3581 1228 3726 ινοιηκιννῶιαικκν
