2760 4234
268 295 330 360 146
548 295 657 348 LIBER
675 293 852 360 QUARTUS.
877 297 996 352 IULIUS

226 469 253 522 X
267 458 413 545 τοσούτω
431 456 534 523 πλέον
551 456 638 523 έλκει
656 461 739 545 πρὸς
757 457 879 544 ἑαυτὴν
896 460 958 543 τὴν
975 461 1103 542 νοτίδα,
1125 459 1279 545 καθάπερ

266 565 303 629 τὸ
328 566 441 630 ἔλαιον
463 562 517 629 ἐπὶ
537 575 605 630 τῶν
623 566 756 648 λύχνων
774 565 877 632 ἐκεῖσε
895 565 997 631 πλέον
1015 566 1111 652 ὁρμᾷ,
1134 565 1198 650 ὑπη
1220 564 1278 630 καὶ

267 672 452 736 δαπανᾶται
474 671 539 736 ὑπὸ
563 681 623 736 τοῦ
645 673 759 758 πυρός.
796 669 874 738 ὑδὲ
887 671 1067 758 Ἡρόδοτος
1089 674 1178 757 παρα
1194 673 1279 738 ποίν-

266 800 333 842 των
355 789 423 842 τῶν
440 788 597 862 ποταμῶν
616 777 725 844 ἕλκειν
744 779 804 843 τὸν
821 779 918 861 η’λιον
936 779 973 843 τὸ
992 779 1099 864 ὑγρόν
1116 794 1199 862 φησι
1215 780 1279 862 την

241 883 446 969 οπρύσχέιον
468 887 570 949 νότου
588 885 695 968 ζώνην
714 884 938 971 διατρέχοντα,
961 885 1045 971 πρὸς
1062 881 1101 950 δέ
1117 892 1164 972 τῷ
1181 883 1279 971 θέρει

264 991 347 1075 πρὸς
370 992 498 1076 βορρᾶν
521 989 712 1056 ἐκκλίνοντα
736 990 946 1057 ἐκκαλεῖσθαι
971 993 1031 1057 τὸν
1052 995 1194 1074 Νεῖλον,
1220 990 1279 1058 καὶ

266 1097 322 1161 διὰ
344 1097 468 1181 ταύτην
490 1098 553 1181 τὴν
575 1099 686 1162 αἰτίαν
708 1098 811 1164 αὑτὸν
836 1097 1033 1182 ιἰναχεῖσθαι
1055 1099 1137 1164 κατὰ
1158 1099 1196 1162 τὸ
1219 1097 1280 1164 θέ-
1366 1113 1367 1120 ’

265 1227 332 1288 ρος.
377 1204 410 1268 οὑ
438 1199 475 1268 δὲ
501 1204 684 1286 Αἰγύπτιοί
707 1222 805 1288 φασι,
832 1207 910 1282 τοὺς
933 1204 1083 1288 ἐτησίους
1110 1205 1216 1281 παίσας
1242 1204 1277 1283 ἐξ
1366 1205 1367 1208 ’

264 1306 448 1395 ὑπερτέρου
479 1311 537 1386 τὰς
569 1309 710 1395 νεφέλας
743 1309 796 1376 ἐπὶ
828 1311 887 1376 τὸν
918 1313 1018 1376 νότον
1050 1309 1189 1388 ἐξωθεῖν
1220 1309 1277 1376 καλ
1366 1387 1367 1390 ¹

224 1443 251 1482 ιο
265 1414 395 1482 ἐκεῖθεν
417 1419 552 1502 βαρείας
573 1416 840 1503 καταφερομένης
862 1421 984 1503 βροχης
1002 1416 1199 1501 ἀναβλύζειν
1216 1418 1279 1482 τὸν

264 1527 400 1588 Νεῖλον.
436 1521 583 1609 Ἔφορός
605 1547 643 1605 χε
665 1524 732 1608 μὴν
754 1523 772 1589 ὁ
791 1526 943 1608 Κυμαῖος
965 1523 1002 1587 ἐν
1019 1532 1058 1608 τη
1077 1525 1191 1610 πρώτη
1209 1535 1279 1589 τῶν

267 1631 422 1716 ἱστοριῶν
449 1646 567 1713 φησιν,
596 1628 717 1715 ἀραιὰν
744 1625 831 1694 εἶναι
857 1631 939 1694 κατὰ
962 1630 1067 1713 φύσιν
1090 1631 1151 1713 τὴν
1172 1635 1278 1713 Αῖχυ-
1366 1699 1367 1702 ¹

264 1757 358 1818 πτον,
381 1733 436 1800 καὶ
458 1733 527 1799 κατ’
549 1737 622 1810 ἔτος
641 1733 844 1820 έπαχομένης
868 1736 961 1812 ἰλύος
982 1737 1048 1801 ὑπὸ
1071 1746 1131 1802 τοῦ
1149 1741 1280 1802 Νείλου

266 1847 523 1923 στεφανοῦσθαι,
556 1841 615 1906 τὸν
647 1836 684 1905 δὲ
714 1841 864 1924 ποταμὸν
896 1842 993 1926 δίκην
1025 1843 1164 1928 ίδρῶτος
1194 1845 1279 1908 κατὰ

224 1973 251 2013 15
264 1948 323 2012 τὸν
337 1947 463 2032 καιρὸν
486 1955 546 2011 τοῦ
568 1947 733 2031 καύματος
754 1944 808 2011 ἐπὶ
826 1948 866 2012 τὰ
884 1951 1073 2034 κουφότερα
1090 1947 1146 2013 καὶ
1164 1948 1278 2035 ιἰραιύψ

263 2075 342 2137 τερα
363 2063 548 2138 καταρρεῖν.
593 2051 677 2118 ἄλλα
700 2051 755 2117 καὶ
776 2054 992 2138 Θρασυοίλκης
1014 2054 1032 2119 ὑ
1054 2055 1176 2131 Θάσιος
1198 2056 1278 2132 τοὺς

264 2156 414 2241 ἐτησίους
442 2156 545 2242 φησὶν
568 2157 707 2237 ἐξωθεῖν
733 2160 794 2224 τὸν
815 2163 955 2226 Νεῖλον·
983 2169 1041 2243 τῆς
1068 2163 1132 2247 γὰρ
1156 2163 1277 2227 Αῖθιο-

263 2267 341 2341 πίας
367 2265 509 2348 ὑψηλοῖς
535 2267 625 2351 παρὰ
652 2268 692 2330 τδι
719 2264 794 2331 καθ’
818 2266 904 2351 ἡμᾶς
930 2269 1022 2353 ὄρεσι
1049 2267 1277 2352 διεζωσμέυης,

263 2369 508 2455 ὑποδεχομένης
530 2396 566 2437 τε
588 2373 646 2448 τὰς
664 2370 805 2457 νεφέλας
822 2375 905 2459 πρὸς
923 2386 990 2439 τῶν
1008 2373 1148 2458 ε’τησίων
1166 2374 1277 2442 ῶθουτ

223 2505 250 2544 ιο
263 2476 363 2562 μένας
390 2475 559 2544 ἐκδιδόναι
589 2479 648 2544 τὸν
675 2482 815 2545 Νεῖλον·
846 2480 890 2556 ῶς
918 2478 973 2545 καὶ
996 2478 1230 2564 Καλλισθένης
1257 2481 1277 2546 δ

264 2585 527 2668 Περιπατητικὸς
550 2583 587 2649 ἐν
610 2593 656 2672 τῷ
678 2586 822 2672 τετάρτω
845 2588 963 2672 βιβλίῳ
987 2597 1055 2652 τῶν
1072 2585 1277 2670 Ἑλληνικῶν

264 2705 376 2774 φησιν,
399 2686 518 2754 ἑαυτὸν
540 2691 850 2776 συστρατεύσασθαι
868 2689 1072 2780 Ἀλεξάνδρῳ
1095 2700 1141 2780 τῷ
1164 2697 1277 2758 Μακε-

262 2797 353 2879 δόνι,
385 2793 440 2860 καὶ
472 2798 653 2880 γενόμενον
685 2794 739 2861 ἐπὶ
771 2803 828 2880 τῆς
859 2798 1041 2874 Αἰθιοπίας
1073 2798 1184 2884 εὑρεῖν
1215 2801 1277 2864 τὸν

262 2907 389 2969 Νεῖλον
422 2901 454 2981 ἐξ
487 2902 633 2989 ἀπείρων
665 2905 801 2989 ὄμβρων
829 2901 898 2968 κατ’
927 2903 1057 2988 ἐκείνην
1086 2904 1277 2990 γενομένων

334 3133 358 3168 v.
374 3119 390 3166 3
408 3113 510 3168 Herod.
529 3113 563 3181 H,
583 3117 617 3168 24
690 3120 722 3167 11
743 3112 870 3183 Ephorus
888 3113 941 3184 frg.
960 3119 1020 3183 108,
1044 3115 1157 3170 FHGI
1179 3135 1206 3186 p.
1222 3123 1274 3174 263

264 3192 298 3240 20
318 3185 502 3240 Callisthenes
521 3183 573 3254 θη.
590 3190 615 3251 6,
634 3184 733 3254 script.
752 3201 804 3239 rer.
823 3185 901 3238 Alex.
919 3203 947 3254 p.
964 3192 996 3239 12

334 3399 358 3436 v.
374 3386 390 3434 2
408 3379 458 3434 τὸν
475 3378 576 3450 λύχνον
597 3380 639 3453 Τί
656 3379 741 3448 δρμαῖ
760 3381 786 3433 Τ
850 3379 1012 3436 λέλκονΤ
1077 3381 1275 3454 θπροσχεινύ-

263 3469 329 3506 στου
347 3451 375 3506 Α
399 3453 403 3520 Ι
427 3459 477 3505 τού
500 3448 629 3507 νότουΤ
704 3448 928 3506 6ἐκλίνονταΤ
997 3451 1082 3516 8τδις
1100 3454 1138 3521 X,
1155 3455 1221 3517 τοὺς
1238 3454 1274 3508 ci.

262 3522 374 3576 Bekker
474 3527 598 3577 θνῶτον
618 3522 644 3575 Τ
746 3528 777 3575 11
797 3523 890 3591 πρῶτη
915 3523 957 3591 Χ,
984 3521 1117 3598 ἑνδεκάτη
1141 3525 1276 3584 οἰ.,Μοτε

264 3597 297 3645 18
316 3594 424 3662 ὑψηλῆς
439 3593 465 3646 Τ
526 3599 559 3647 19
578 3590 785 3682 (ὑποδεχομένης
800 3594 826 3647 Τ
882 3599 915 3647 22
935 3595 1021 3663 φησὶν
1038 3599 1103 3664 pout
1120 3615 1275 3667 περιπατη-

261 3662 339 3724 τικδς
356 3662 451 3732 posuit
467 3665 493 3717 Τ
563 3670 595 3718 23
614 3683 762 3734 χενομενος
780 3665 840 3719 ΒΤ
1266 3701 1270 3718 .
