2790 4214
235 285 279 348 22
617 285 725 338 LIBER
744 285 866 339 ALTER

194 460 219 512 X
303 447 331 512 5.
357 435 505 523 Πολλαίς
528 447 721 532 ὀνομασίαις
743 454 889 520 καλεῖται
913 446 1076 524 ὁἭλιος·
1165 449 1298 527 'RrII‚4

282 588 399 666 Ἥλιος
417 581 515 676 Ὦρος
528 588 657 674 Ὄσιρις
670 589 772 668 ’Ἀναξ
795 592 878 666 Διὸς
901 592 973 667 υίὸς
991 589 1162 656 Ἀπόλλων

290 697 386 783 ὡρῶν
408 695 463 761 καὶ
486 708 612 782 καιρῶν
634 699 750 781 ταμίης
774 696 905 782 νἰνέμων
927 695 1039 762 τεκαὶ
1062 700 1198 783 ὄμβρων

288 803 369 886 ήους
392 802 446 867 καὶ
470 803 590 880 νυκτὸς
611 802 834 890 πολυαστέρος
856 803 934 887 ἡνία
957 804 1074 869 νεύων.

181 957 237 1010 ΧΥ
301 946 330 1008 6.
349 944 384 1009 Ὁ
398 948 605 1031 Πυθαγόρας
622 946 683 1029 τήν
701 946 830 1030 μονάδα
844 944 1053 1032 Ὑπεριονίδα
1072 952 1165 1012 καλεῖ
1189 948 1245 1013 διὰ
1264 963 1279 1009 5

210 1054 274 1116 ετὸ
297 1053 431 1116 πάντων
457 1052 628 1136 ὑπερεῖναι
655 1061 694 1138 τη
723 1051 835 1138 οὐσία,
863 1053 972 1137 ὥσπερ
1000 1051 1055 1118 καλ
1082 1052 1100 1118 δ
1129 1055 1246 1136 νοητὸς

228 1158 345 1234 Ἥλιος
372 1154 455 1244 ὑπὲρ
483 1159 523 1222 τδι
551 1160 632 1223 όντα
659 1160 744 1242 ἔχων
771 1157 808 1222 τὸ
836 1152 922 1223 εἶναι
941 1157 1168 1244 Ὑπεριονίδης
1194 1159 1246 1225 κε’-

234 1271 357 1350 κληται.
404 1264 603 1351 ἀναφέρεται
634 1260 670 1328 δὲ
692 1263 809 1340 Ἥλιος
839 1267 886 1341 είς
916 1267 1045 1350 μονάδα
1074 1267 1118 1342 ὡς
1148 1267 1246 1332 είκὼν

236 1372 371 1456 ἐκείνης,
395 1371 457 1436 οὐκ
481 1371 580 1447 αὐτὸς
604 1372 652 1435 δεν
673 1370 693 1455 ἡ
713 1372 826 1455 μονάς,
850 1371 935 1438 ἀλλὰ
952 1373 1018 1456 μὴν
1036 1371 1091 1438 καὶ
1110 1372 1245 1457 ἀκάμας,

197 1508 220 1544 ιο
235 1481 377 1563 κάματος
406 1480 470 1565 γὰρ
507 1477 545 1543 ἐν
573 1488 643 1554 τοῖς
673 1477 862 1554 συνθέτοις·
903 1478 923 1561 ἡ
954 1475 992 1543 δέ
1023 1481 1126 1564 μονδις
1158 1479 1244 1564 διπλῆ

234 1585 289 1650 καὶ
312 1587 428 1672 άρρην,
452 1586 503 1651 ότι
526 1585 567 1668 δή
586 1586 792 1669 γονιμωτάτη
815 1583 870 1648 καὶ
893 1596 960 1650 τῶν
983 1584 1050 1670 μετ’
1073 1586 1178 1669 αὐτήν
1196 1587 1245 1651 αί-

193 1709 219 1761 Χ
234 1695 300 1757 τία·
323 1690 378 1756 καὶ
402 1693 500 1774 ὅπως,
528 1691 680 1755 συνιδεῖν
703 1691 854 1755 εὔκολον·
882 1693 911 1757 εί
939 1693 1001 1776 γάρ
1030 1714 1080 1768 τις
1107 1694 1148 1757 τδι
1174 1691 1245 1758 τέσ-

236 1816 320 1884 σαρα
342 1796 396 1862 καὶ
421 1803 525 1861 είκοσι
549 1807 693 1880 στοιχεῖα
712 1835 753 1842 -
773 1799 813 1861 τδι
836 1799 1009 1883 γράμματα
1032 1796 1116 1881 λέγω
1142 1800 1245 1876 -είς

235 1904 401 1989 ἀριθμοὺς
415 1907 656 1986 σολλονίσεται,
670 1904 801 1988 εὑρήσει
816 1908 1019 1990 τρισχιλίους
1031 1895 1245 1982 ἐννακοσίους

194 2037 220 2076 15
236 2010 455 2094 ἐννενήκοντα
487 2008 582 2074 ἐννέα
613 2012 692 2085 τοὺς
722 2012 861 2094 πάντας,
901 2003 951 2088 οἷς
981 2011 1245 2097 προστιθεμένης

236 2126 293 2200 τῆς
317 2115 353 2180 ἐν
376 2114 608 2200 ἕξάκιςχιλιάδι
631 2117 789 2200 μονάδος,
814 2118 843 2181 εί
876 2120 996 2194 πάντες
1021 2121 1244 2202 συλλογισθή-

236 2241 366 2307 σονται,
404 2222 637 2307 ἐννακιςχίλιοι
674 2221 861 2288 ἐννακόσιοι
894 2223 1113 2308 ἐννενήκοντα
1148 2222 1244 2289 ἐννέα

235 2330 385 2417 ἀριθμοί,
408 2327 482 2415 μεθ’
507 2329 566 2405 οὓς
589 2325 690 2395 οὐδὲν
711 2331 800 2415 παρὰ
823 2331 884 2414 τήν
905 2332 1034 2416 μονάδα
1053 2335 1243 2409 λελείψεται.

235 2439 317 2502 ὅθεν
339 2440 400 2521 τήν
423 2437 527 2520 αὐτήν
550 2433 656 2520 ἐπέχει
683 2437 837 2522 γραμμήν
864 2437 884 2519 ἡ
907 2439 1028 2523 μυριδις
1050 2447 1088 2523 τη
1112 2438 1243 2521 μονάδι,

195 2571 220 2610 κο
235 2544 279 2618 ὡς
301 2543 403 2630 ἀρχῆς
422 2544 521 2627 αὐτῆς
540 2544 606 2627 δι’μα
624 2541 679 2607 καὶ
698 2541 837 2628 πέρατος
856 2543 957 2626 οὔσης
977 2555 1045 2609 τῶν
1063 2543 1244 2628 ἀσωμάτων

235 2648 374 2733 οὐσιῶν,
406 2644 454 2714 ὧν
482 2652 546 2714 ελσι
576 2650 823 2736 παραδείγματα
853 2651 885 2714 οἱ
915 2649 1063 2736 ἀριθμοί.
1104 2648 1243 2736 Ὀρφεὺς

305 2845 320 2905 ξ
343 2845 359 2893 υ
384 2839 415 2895 G.
435 2840 525 2894 Wolff
550 2840 699 2911 Porphyrii
724 2843 758 2895 de
780 2840 960 2911 philosophia
979 2858 1013 2895 ex
1031 2841 1150 2896 oraculis
1173 2842 1242 2895 hau-

235 2910 334 2964 rienda
351 2910 488 2965 librorum
501 2911 637 2982 reliquiae
654 2932 682 2983 p.
698 2918 748 2966 121
808 2931 831 2967 v.
848 2919 879 2965 21
899 2912 971 2966 Abel
984 2914 1076 2983 Frgm.
1092 2913 1175 2982 Orph.
1193 2919 1243 2966 144

305 3095 320 3155 ἕ
340 3095 355 3142 5
375 3089 455 3143 deest
477 3090 506 3142 Y
591 3109 614 3142 v.
630 3095 648 3142 4
666 3090 762 3145 νεύων.
791 3088 918 3146 ἀπόλλων
937 3089 969 3145 δὲ
988 3090 1094 3160 είρηται
1117 3089 1194 3158 παρὰ
1211 3091 1242 3144 τὸ

236 3159 353 3215 ἄπωθεν
376 3159 499 3230 (ἄποθεν
517 3161 555 3229 Α)
574 3157 647 3216 εἶναι
669 3171 724 3216 τῶν
746 3164 854 3216 πολλῶν
873 3163 904 3215 Χ
1010 3167 1026 3215 5
1045 3161 1060 3216 δ
1080 3162 1121 3230 Χ,
1147 3163 1195 3215 καὶ
1218 3161 1248 3214 Υ

236 3229 419 3300 ὑπεριονίδαν
445 3231 472 3285 Α
550 3238 565 3284 6
594 3232 683 3300 ὥσπερ
708 3233 750 3300 X,
779 3234 816 3294 ὡς
842 3233 871 3286 Y
980 3239 995 3286 7
1018 3232 1099 3304 ἔχων]
1129 3232 1188 3302 ἐσχε
1215 3233 1243 3286 Β

236 3307 252 3354 8
272 3300 443 3372 ἀναφέρεται
457 3335 491 3342 -
507 3309 523 3356 9
542 3302 631 3372 μονάς
645 3303 747 3357 desunt
765 3305 793 3356 Y
872 3310 903 3357 11
923 3304 971 3375 δὴ]
986 3301 1017 3357 δὲ
1031 3303 1061 3356 D
1144 3311 1176 3357 12
1195 3305 1243 3357 καὶ

237 3370 310 3435 ὅπως
320 3393 389 3444 —p.
401 3381 466 3442 23,ss
482 3372 557 3443 μένει
572 3374 673 3428 desunt
687 3375 717 3427 Y
777 3380 811 3427 14
825 3373 1014 3445 συλλογίσηταί
1024 3376 1052 3427 Β
1110 3380 1142 3428 15
1157 3392 1242 3441 προσ·

235 3442 360 3513 τιθείσης
374 3448 405 3515 (1)
421 3446 456 3514 A,
475 3442 696 3514 προστιθεμένης
709 3445 759 3499 Ae
777 3445 807 3498 in
825 3462 913 3516 marg.
1002 3452 1035 3499 15
1054 3463 1094 3514 sq.
1114 3454 1162 3515 τῆς
1181 3445 1242 3510 ἑξα-

236 3513 370 3584 κισχιλίας
388 3517 511 3585 μονάδος
529 3519 569 3585 Β,
592 3525 641 3587 τῆς
663 3515 998 3586 ἐνεξαμισχιλίδιμονάδος
1015 3518 1055 3585 Α,
1079 3537 1154 3571 -ακι-
1174 3527 1242 3571 corr.

235 3586 293 3652 Αυ,
313 3602 364 3654 ego
384 3588 530 3660 χιλκά>δι
549 3587 687 3657 temptavi
791 3594 823 3641 18
843 3591 970 3657 μοναδαν
989 3588 1016 3641 Α
1032 3591 1036 3656 Ι
1052 3587 1198 3657 λελήψεται
1213 3589 1244 3642 Χ

237 3661 269 3708 19
287 3675 336 3726 της
353 3657 456 3724 μονάδι
474 3661 501 3712 Α
572 3665 607 3712 20
626 3659 682 3726 ἅμα
701 3658 779 3713 omis.
799 3660 826 3713 Β
