2790 4214
536 283 646 339 LIBER
663 283 819 339 TERTIUS
1138 284 1181 348 49

168 454 310 534 εἴρηται,
344 451 476 513 Νωνῶν
504 484 546 494 -
579 451 660 514 ἔστω
694 444 731 513 δὲ
763 448 800 512 τὸ
831 448 1041 533 παράδειγμα
1073 448 1182 533 ὥσπερ
1196 457 1224 511 Y

169 555 250 620 ὅταν
274 565 451 639 πεμπταῑαι
475 550 558 620 ὦσιν
581 556 616 620 αλ
637 558 756 620 Νῶναι
776 592 818 600 -
837 555 898 638 τὴν
921 551 959 619 δὲ
981 558 1096 640 τρίτην
1118 555 1182 640 πρὸ

168 672 272 746 τριῶν
294 663 436 744 Νωνῶν,
460 662 521 745 τὴν
544 657 581 726 δὲ
603 663 763 747 τετάρτην
784 662 849 748 πρὸ
873 670 950 745 μιάς
972 664 1104 726 Νωνῶν
1127 662 1184 726 διὰ

169 769 207 833 τὸ
230 766 480 853 ἀποφράζεσθαι
499 769 697 852 τὴνδυάδα,
720 769 782 851 τὴν
799 766 950 852 πέμπτην
967 769 1100 851 Νάνας,
1122 767 1184 850 τὴν

168 872 267 958 ἕκτην
288 876 354 959 πρὸ
377 874 462 940 ὀκτὼ
485 877 609 958 Είδῶν,
632 876 694 959 τὴν
713 873 859 960 ἑβδόμην
876 876 941 961 πρὸ
961 873 1041 940 ἑπτά
1059 875 1183 956 Ελδῶν,
1211 895 1225 934 5

168 981 230 1064 τὴν
257 980 383 1065 ὀγδόην
413 983 479 1068 πρὸ
507 981 539 1060 ’ἐξ
572 982 700 1064 Ελδῶν,
731 983 794 1066 τὴν
824 980 965 1065 ἐννάτην
995 982 1059 1066 πρὸ
1086 977 1184 1044 πέντε

169 1088 298 1171 Ελδῶν,
330 1088 392 1171 τὴν
424 1088 565 1170 δεκάτην
598 1089 663 1173 πρὸ
693 1089 864 1173 τεσσάρων
890 1089 1018 1170 Είδῶν,
1051 1088 1114 1170 τὴν
1141 1083 1184 1151 ια’

167 1194 234 1280 πρὸ
262 1205 365 1280 τριῶν
387 1195 512 1276 Είδῶν,
544 1195 605 1277 τὴν
633 1192 680 1278 ιβ’
703 1195 768 1279 πρὸ
796 1204 873 1277 μιᾶς
895 1195 1019 1277 Eleae,
1048 1194 1110 1276 τὴν
1138 1195 1184 1277 ιγ’

169 1301 308 1377 Ελδούς·
340 1301 402 1383 τὴν
431 1297 492 1382 ιδ’,
525 1302 555 1365 εί
586 1296 648 1384 μὲν
678 1311 857 1385 πεμπταῑαι
887 1295 972 1384 ἦσαν
1003 1301 1038 1365 αλ
1066 1303 1185 1364 Νῶναι

168 1405 224 1472 καλ
257 1407 275 1473 ὁ
307 1409 373 1491 μὴν
402 1407 535 1492 ἡμερῶν
565 1404 609 1489 λ’,
641 1407 705 1492 πρὸ
739 1404 786 1490 ιη’
815 1407 998 1472 Καλενδῶν
1027 1414 1087 1470 τοῦ
1117 1402 1186 1470 ἐπι·
1200 1429 1226 1468 10

170 1515 267 1590 όντος
298 1516 416 1598 μηνός,
449 1514 478 1578 εί
512 1509 549 1577 δὲ
579 1523 757 1597 πεμπταίαι
789 1509 851 1596 μὲν
879 1514 913 1577 αλ
940 1515 1058 1576 Νῶναι
1084 1508 1139 1576 καί
1168 1510 1185 1576 ὁ

169 1620 236 1703 μὴν
261 1618 394 1704 ἡμερῶν
417 1616 478 1701 λα’,
501 1620 566 1701 πρὸ
589 1616 641 1684 ιδ’
664 1607 849 1685 Καλενδῶν
876 1619 1010 1702 ὁμοίως·
1038 1619 1068 1682 ελ
1091 1613 1128 1681 δὲ
1152 1617 1186 1681 αἱ

169 1729 287 1790 Νῶναι
315 1720 376 1809 μὲν
399 1722 572 1809 ἑβδομαῖαι
594 1723 649 1789 καί
677 1725 785 1810 ὁμὴν
812 1722 867 1791 λα’
885 1724 1028 1811 ἡμερῶν,
1058 1726 1119 1808 τὴν
1143 1720 1185 1789 ιε’

167 1832 234 1916 πρὸ
258 1828 299 1910 ιζ’
327 1832 511 1897 Καλενδῶν
538 1831 668 1916 ὁμοίως.
715 1830 768 1897 ἐπὶ
796 1828 834 1896 δὲ
862 1841 923 1898 τοῦ
954 1835 1187 1918 Φεβρουαρίον

168 1940 277 2023 μόνον
299 1939 361 2021 τὴν
384 1935 431 2002 ιδ’
449 1939 513 2023 πρὸ
533 1936 580 2012 ις’
592 1940 777 2004 Καλενδῶν
790 1943 954 2026 Μαρτίων
971 1937 1026 2004 καὶ
1044 1938 1187 2021 καθεξῆς
1200 1931 1227 1999 ra

169 2042 249 2112 καθ’
276 2045 443 2128 ὑπόβασιν
465 2053 526 2110 τοῦ
549 2043 697 2130 ἀριθμοῦ
720 2056 788 2111 τῶν
805 2047 997 2111 Καλενδῶν.
1033 2044 1132 2129 ἡνίκα
1150 2042 1188 2110 δὲ

170 2150 214 2217 διν
241 2150 392 2235 βίσεξτον
423 2143 458 2238 ᾖ,
490 2152 552 2234 τὴν
578 2149 628 2216 κε’
655 2149 710 2216 καὶ
738 2153 799 2236 τὴν
825 2150 879 2225 κς’
905 2153 970 2237 πρὸ
999 2151 1032 2231 ἓξ
1059 2155 1189 2217 Καλον-

171 2259 241 2323 δῶν
264 2261 428 2342 Μαρτίων
450 2260 576 2342 ἔλεγον,
599 2257 617 2322 δ
640 2256 695 2323 καὶ
719 2264 855 2344 εἴρηται.
898 2262 1011 2343 ἔχουσι
1034 2255 1071 2323 δὲ
1094 2257 1190 2342 ἑβδο-

171 2368 271 2450 μαίας
297 2360 359 2448 μὲν
382 2365 439 2440 τάς
462 2365 585 2442 Νώνας
610 2366 760 2450 Μάρτιος
782 2366 895 2442 Μάϊος
913 2364 1054 2440 Ἰούλιος
1079 2365 1190 2429 oxea-

171 2474 276 2558 βριος,
298 2473 481 2555 πεμπταίας
504 2467 541 2536 δὲ
564 2473 597 2536 ολ
619 2469 730 2537 λοιποὶ
749 2472 877 2548 πάντες.
918 2473 1015 2557 ἤρεσε
1033 2467 1071 2535 δὲ
1097 2470 1185 2556 ὅμως
1201 2481 1227 2533 Χ

171 2585 218 2666 τῷ
240 2581 386 2664 Καίσαρι
407 2576 463 2643 καὶ
485 2579 566 2661 μετὰ
588 2579 650 2662 τὴν
671 2578 812 2662 ἡλιακὴν
837 2590 906 2644 τῶν
933 2589 1048 2664 μηνῶν
1076 2577 1190 2642 διατύ-
1203 2599 1230 2637 ιι

171 2701 281 2750 πωσιν
309 2686 369 2762 τὰς
404 2687 600 2768 σεληνιακάς
630 2684 746 2772 ἑορτδις
776 2696 848 2762 τοῖς
876 2683 956 2770 μησὶ
985 2689 1190 2762 καταλείψοι.

172 2789 228 2856 καλ
263 2800 367 2856 ταῦτα
398 2787 459 2874 μὲν
494 2790 571 2877 περὶ
607 2800 665 2876 τῆς
700 2792 864 2876 δοκούσης
900 2790 1088 2876 ἀνωμαλίας
1122 2803 1192 2857 τῶν

172 2901 356 2984 πεμπταίας
382 2896 438 2962 καὶ
466 2897 644 2983 ἑβδομαίας
671 2900 730 2976 τὰς
752 2900 875 2975 Νάνας
897 2898 1043 2983 ἑχόντων
1065 2909 1190 2982 μηνῶν.

120 3015 244 3072 deesth
267 3006 318 3070 11.
337 3004 526 3091 Ἑορτάζετο
550 3002 587 3070 δὲ
609 3007 699 3092 παρά
721 3017 790 3082 τοῖς
812 3011 966 3082 παλαιοῖς
988 3005 1008 3090 ἡ
1033 3001 1095 3090 μὲν
1117 3020 1226 3072 νεο-Ρ

245 3167 300 3216 v.1
326 3160 392 3215 ἔστω
407 3167 473 3215 -3
492 3171 577 3230 τριῶν
601 3165 711 3217 Νωνῶν
734 3162 836 3215 desunt
854 3162 896 3230 E,
921 3161 987 3216 ἔστω
1003 3167 1069 3214 -2
1089 3163 1191 3216 Νῶναι

176 3233 279 3286 desunt
296 3233 326 3286 D
416 3231 483 3286 3δὲ
506 3232 585 3287 omis.
606 3234 644 3286 M
649 3234 686 3301 G,
714 3249 814 3287 rasura
839 3234 958 3286 duarum
983 3231 1143 3286 litterarum
1165 3233 1191 3287 G

176 3310 209 3358 17
229 3302 357 3376 βίσεκτον
372 3304 409 3357 Μ
422 3306 426 3374 Ι
442 3303 485 3367 ις’
501 3311 534 3374 τῆ
548 3303 603 3372 πρὸ
622 3304 655 3373 Y,
674 3312 707 3372 τῆ
722 3303 812 3358 delevi
885 3309 918 3357 18
938 3303 1044 3375 ἔλεγον]
1059 3301 1147 3356 ἔλεται
1161 3303 1191 3356 D

177 3382 210 3430 19
230 3374 281 3444 μὲν
294 3375 355 3447 τὰς]
370 3374 439 3443 μετὰ
452 3374 503 3437 τὰς
516 3375 547 3428 F
616 3381 650 3428 20
669 3374 779 3437 πάντες.
797 3373 908 3443 reliqua
922 3373 1004 3427 huius
1019 3373 1191 3443 paragraphi

176 3446 280 3501 desunt
302 3447 331 3500 Y
413 3452 445 3499 21
466 3445 617 3500 διατάποσϊ
638 3446 665 3499 Α
693 3445 843 3500 Tractatua
869 3445 994 3506 decimae
1019 3444 1193 3515 paragraphi

171 3517 283 3571 similes
303 3517 437 3572 exhibant
455 3516 565 3571 codices
584 3516 725 3586 plerique,
749 3533 819 3585 quos
837 3516 868 3570 in
885 3514 1061 3585 praefatione
1080 3532 1193 3570 enume-

176 3588 237 3642 ravi
309 3594 343 3642 26
362 3587 504 3657 ἑορτάζων
518 3620 555 3628 -
567 3606 594 3656 p.
610 3593 657 3655 50,
673 3593 689 3641 6
709 3586 838 3658 σάλπιγγι
856 3589 878 3641 Ρ
896 3586 915 3640 f.
930 3593 997 3656 827,
1021 3586 1193 3642 Boiesonade

177 3660 283 3714 Aneed.
303 3677 343 3729 gr.
362 3660 375 3714 Ι
392 3679 419 3729 p.
434 3665 536 3728 elasq.
565 3657 713 3728 ἑορτάζων
732 3661 761 3716 Ρ

232 3759 314 3800 arnus
329 3759 364 3800 ed.
378 3759 530 3800 Wuenreh.
1016 3754 1033 3800 4
