2790 4214
525 299 633 354 LIBER
650 299 785 356 PRIMUS
1119 302 1161 366 13

101 475 224 530 deesth
253 463 306 528 27.
321 462 392 560 “Qu
420 461 473 529 ἐπὶ
501 472 560 530 τοῦ
583 469 829 548 Διοκλητιανοῦ
850 465 871 549 ἡ
894 474 983 530 πάσα
1005 475 1072 530 τῶν
1090 464 1195 531 ‘pm-s

153 574 260 657 μαίων
288 572 424 657 στρατιά
451 571 610 656 μυριάδες
638 565 681 654 ην
710 570 794 636 ὀκτὼ
821 569 878 636 καὶ
904 573 1081 657 τριάκοντα
1107 569 1162 637 καὶ

152 677 388 762 ἐννακισχίλιοι
411 674 466 742 καλ
489 675 677 744 ἑπτακόσιοι
699 675 754 743 καὶ
777 676 941 763 τέσσαρες,
963 680 1101 763 ναυτικὴ
1125 675 1163 744 δὲ

155 784 295 868 δύναμις
318 782 339 866 η
362 780 506 848 ἐπὶτῶν
529 782 709 869 ἐπικαίρων
731 788 862 869 χωρίων
880 790 1091 869 ναυλοχοῦσα
1110 785 1166 851 ἐπί

151 913 186 955 τε
215 900 285 966 τοίς
314 900 473 976 ποταμοίς
503 888 560 954 ἐπί
583 913 618 955 τε
646 899 686 976 τῇ
712 891 866 976 θαλάσσῃ
896 891 1163 978 τετρακισμύριοι
1190 928 1202 970 ⁶

151 995 206 1062 καὶ
228 1000 488 1081 πεντακισχίλιοι
509 994 565 1062 καί
592 998 802 1063 πεντακόσιοι
831 995 987 1082 ἑξήκοντα
1012 997 1162 1064 καὶδύο.

152 1103 203 1169 ὅτι
225 1104 309 1190 πρὸς
331 1111 451 1169 τοῦτον
478 1103 538 1168 τὸν
565 1101 713 1187 ἀριθμὸν
740 1102 758 1169 ὁ
786 1101 887 1186 μέγας
908 1106 1163 1182 Κωνσταντίνος

153 1208 207 1276 ἐπὶ
234 1219 291 1294 τῆς
319 1209 516 1293 ἀνατολικῆς
542 1212 711 1292 βασιλείας
736 1210 796 1274 τὸν
825 1211 968 1296 στρατὸν
996 1209 1163 1293 διέθηκεν,

152 1316 197 1392 ὡς
229 1314 341 1402 ἑτέρας
357 1315 534 1392 ,τοσαύτας
566 1315 729 1400 μυριάδας
762 1325 905 1402 στρατοῦ
937 1322 1163 1401 προστεθῆναι

153 1432 192 1508 τῇ
212 1421 379 1508 Ῥωμαϊκῇ
395 1424 552 1508 πολιτεία.
1178 1463 1203 1501 10

101 1539 141 1594 Rr
158 1539 225 1607 L24
254 1529 306 1594 28.
325 1527 371 1594 ‘H
384 1526 460 1614 παρ’
479 1526 638 1612 Ἕλλησιν
655 1527 738 1610 ὀπτὴ
760 1530 903 1603 πλίνθος
924 1525 1145 1613 λατέρκουλον
1156 1553 1270 1615 Ceam,

152 1637 241 1721 παρὰ
260 1634 429 1719 Ῥωμαίοις
452 1632 588 1717 λέγεται.
631 1629 673 1717 ην
692 1630 729 1698 δὲ
751 1636 894 1710 πλίνθος
919 1634 1074 1718 δημοσία,
1106 1633 1156 1719 ἐφ’

154 1736 195 1806 οὗ
221 1742 262 1806 τά
292 1764 327 1807 τε
354 1751 421 1806 τῶν
448 1739 639 1824 ’χῶυλευτῶν
664 1739 720 1806 καὶ
749 1741 790 1804 τά
815 1751 883 1806 τῶν
911 1742 1163 1826 στρατευμάτων

154 1847 299 1932 ὀνόματα
331 1846 555 1933 ἀπεγράφετο,
586 1845 641 1912 καὶ
677 1846 839 1932 ἐγράφετο
869 1844 923 1912 ἐπὶ
956 1851 1085 1931 τείχους
1117 1849 1164 1925 είς

155 1954 363 2040 τετράγωνον
379 1962 486 2039 σχῆμα
504 1954 607 2029 τύπος
624 1977 675 2030 τις
692 1952 747 2018 καλ
765 1953 897 2039 γραμμὴ
916 1957 1066 2031 πλίνθος.
1098 1958 1164 2020 τίτ-
1180 1988 1205 2030 15

155 2066 216 2127 λον
237 2058 292 2126 καὶ
316 2059 421 2144 αὐτην
442 2083 530 2137 τινες
553 2060 773 2146 ὀνομάζουσιν
795 2060 857 2126 οὐκ
880 2060 1014 2144 εἰδότες,
1037 2061 1082 2137 ὡς
1099 2063 1134 2126 τί
1151 2101 1165 2110 -

154 2172 212 2244 λος
233 2170 356 2253 κυρίως
378 2166 399 2250 ἡ
421 2167 625 2252 προσφραφη
648 2177 715 2231 τῶν
738 2164 931 2251 ἀξιωμάτων
953 2164 1096 2250 λέγεται,
1124 2166 1165 2231 οὐ

154 2274 221 2358 μην
234 2273 254 2356 η
269 2273 473 2358 τετράγωνος
486 2274 627 2358 γραμμή.
654 2275 694 2338 τά
708 2283 775 2337 τῶν
789 2274 900 2337 άλλων
914 2273 1166 2359 στρατευμάτων
1178 2284 1204 2337 X

154 2379 301 2464 ὀνόματα
323 2377 377 2444 ἐπὶ
400 2379 535 2454 σανίδος
558 2377 779 2464 ἀπεγράφετο*
811 2377 939 2460 λέγεται
963 2375 1000 2445 δὲ
1027 2380 1269 2465 παράΧΟοᾱιοα,
1372 2357 1374 2398 j

225 2624 249 2660 v.
271 2611 302 2660 11
318 2603 356 2660 Ἡ
371 2603 439 2674 παρ’
458 2602 590 2674 Ἕλλησιν
603 2635 637 2646 -
658 2609 691 2658 18
709 2603 820 2675 γραμμὴ
844 2603 944 2676 Georg.
964 2605 1078 2660 Gedren.
1096 2604 1163 2662 hist.

155 2695 243 2747 comp.
263 2696 289 2748 p.
309 2683 388 2746 298‚9
406 2676 507 2745 Bonn.,
535 2675 584 2745 qui
609 2680 641 2730 18
663 2675 698 2729 τὰ
716 2685 771 2731 τῶν
790 2675 966 2731 ἀλλων-19
985 2675 1162 2748 ἀπεγράφετο

156 2747 265 2805 omissis
292 2747 334 2802 ita
365 2747 470 2818 pergit:
502 2744 609 2817 λέγεται
636 2746 713 2816 παρὰ
736 2744 882 2816 Ῥωμαίοις
909 2750 961 2802 etc.
990 2751 1136 2819 (p.14,1)
1158 2749 1162 2822 Ι

155 2818 407 2888 στρατευμάτωνΧ
419 2827 592 2888 στρατιωτῶν
611 2817 753 2872 Osannum
771 2821 883 2872 εεοολοε
897 2818 947 2887 Rr,
965 2835 1082 2888 quorum
1101 2837 1165 2875 con·

156 2889 292 2945 iacturam
310 2889 498 2961 praesumpsit
516 2892 677 2958 excerptum
694 2888 860 2958 Parisinum‚
880 2890 955 2958 quod
969 2889 1074 2961 legitur
1089 2892 1165 2961 apud

156 2961 282 3016 Boisson.
296 2961 400 3015 Aneed.
415 2979 455 3030 gr.
471 2962 491 3030 Ι,
506 2966 558 3014 420
573 2976 587 3014 ο
602 2960 662 3014 cod.
677 2961 738 3014 Par.
753 2979 794 3030 gr.
806 2966 873 3014 1231
885 2961 1004 3016 editum:
1019 2963 1083 3030 περὶ
1097 2961 1164 3032 χάρ-

156 3052 214 3087 του.
248 3031 290 3087 ὅτι
304 3032 330 3088 οἱ
344 3032 457 3102 ἀρχαῖοι
471 3031 502 3085 ἐν
515 3040 576 3093 ταῖς
590 3028 699 3086 σανίσιν
713 3031 743 3102 ἔγ
762 3052 846 3101 αφον,
866 3029 936 3087 ὅθεν
954 3029 1032 3102 μέχρι
1048 3041 1097 3086 τοῦ
1112 3041 1165 3087 νῦν

158 3102 230 3159 ἔνθα
243 3102 402 3174 γράφονται
410 3102 445 3156 τά
453 3112 509 3158 τῶν
523 3111 695 3170 στρατιωτῶν
705 3053 828 3172 ὀνάματα
838 3100 984 3172 ματρίκιον
994 3101 1166 3171 ὀνομάζεται,

157 3172 173 3229 ὃ
192 3173 319 3244 σημαίνει
336 3174 368 3228 τὸ
386 3175 475 3228 πλατὺ
493 3174 541 3228 καλ
558 3174 634 3243 παχίι
652 3173 747 3242 ξάλον,
766 3172 843 3228 ἄλλοι
862 3172 893 3228 δὲ
912 3174 952 3236 είς
970 3174 1085 3243 φλοιοὺς
1102 3170 1165 3228 δέν-

157 3247 232 3314 δρων
241 3249 331 3308 καλῶς
344 3242 546 3314 ἀποξεομένων.
570 3242 627 3298 ὅδὲ
639 3247 807 3314 Πτολεμαῖος
816 3244 885 3314 ἔχων
895 3242 1069 3333 Ἀρίσταρχον
1079 3264 1165 3314 γραμ-

158 3316 275 3385 ματικὸν
301 3314 575 3441 σνμχίουλευσάμενον
597 3316 672 3388 αὐτῷ
700 3313 840 3370 ἀπέστειλε
862 3325 970 3384 πρῶτος
997 3334 1102 3385 χαρτην
1127 3315 1167 3378 είς

154 3385 261 3457 Ῥώμην
278 3388 325 3442 κοιλ
360 3384 465 3452 ξένισεν
484 3387 592 3477 αάτράς.
635 3385 784 3478 φθονήσας
802 3385 833 3476 ἃμ
851 3392 889 3459 τῷ
907 3384 1070 3458 Ἀριστάρχῳ
1089 3386 1165 3454 Κρά-

158 3459 632 3618 ιικλικιυικλιλικι
650 3459 1166 3597 ικιλιάκκλκκκα

158 3603 205 3654 λαι
223 3599 311 3663 αὐτὰς
328 3600 368 3662 εἰς
382 3602 492 3670 Ράμην·
513 3603 583 3654 οθεν
602 3599 641 3660 εἰς
659 3598 770 3668 μνήμην
787 3606 837 3652 τοῦ
857 3596 1071 3662 ἀποστείλαντος
1088 3598 1167 3671 μέχρι

158 3679 208 3726 τοῦ
227 3679 279 3727 νῦν
292 3670 472 3741 περγαμηνὸις
489 3669 539 3733 τὰς
557 3668 716 3740 μεμβράνας
734 3672 873 3724 καλοῦσιν.
