2790 4214
529 253 637 308 LIBER
655 252 808 308 TERTIUS
1129 252 1171 318 51

162 419 223 502 τήν
242 418 324 501 ὅλην
348 422 520 501 αἴσθησιν·
543 415 598 482 καὶ
621 425 719 482 τοῦτο
742 417 847 500 δῆλον
870 415 906 481 ἐκ
929 425 986 500 τῆς
1009 428 1076 482 τῶν
1098 417 1211 482 &dd-S

161 548 229 589 των
246 522 301 589 καὶ
316 535 383 589 τῶν
398 523 435 588 ἐν
449 524 561 600 αὐτοῖς
576 525 668 604 ζώων
682 524 813 607 φύσεως
826 521 881 588 καὶ
901 522 937 588 ἐκ
955 534 1022 588 τῶν
1041 522 1078 588 ἐν
1095 523 1176 608 ήμῖν

161 641 288 716 χυμῶν·
319 629 500 715 αὐξομένης
531 632 595 716 γὰρ
628 639 685 713 της
718 632 857 713 σελήνης
889 627 1020 708 αὐξεται
1051 631 1092 694 τᾶ
1113 628 1171 695 ὐπ’

161 737 277 822 αὐτήν,
301 732 370 802 εἶτα
394 737 574 821 συνιούσης
596 736 756 821 ἀπολήγει
778 735 833 801 καὶ
856 737 904 813 είς
925 734 1025 802 εἀυτύ
1043 736 1178 802 συστέλ-

162 849 261 910 λεται.
306 842 361 909 καὶ
389 845 450 928 τήν
478 838 547 928 ἶβιν
575 840 613 908 δέ
639 841 695 908 καὶ
723 845 782 909 τὸν
808 841 960 930 κίρκωπα
977 844 1251 925 Αίγυπτίοιςᾶᾶδ

163 953 266 1016 ἔνθεν
298 949 405 1016 έόὀκει
439 959 550 1034 τιμᾶν·
588 950 758 1035 ἀμφότερα
793 951 857 1036 γὰρ
887 951 927 1015 τὰ
959 953 1023 1028 ζῶα
1055 952 1175 1036 σελήνη
1204 973 1216 1012 ο

162 1062 320 1142 συμπαθῆ
348 1052 435 1122 εἶναι
461 1061 710 1142 προσείκασται·
742 1055 762 1140 ή
786 1053 847 1140 μὲν
871 1051 936 1140 ἶβις
958 1054 1048 1143 αὐτῷ
1070 1079 1105 1120 τε
1128 1064 1174 1142 τῷ
1188 1067 1245 1120 YH

161 1167 301 1248 σχήματι
325 1161 478 1248 ἐμφερής,
502 1164 586 1249 ὀίκρα
604 1159 666 1246 μὲν
684 1162 933 1246 ὁμιχλαίνουσα,
957 1165 1177 1228 λευκαίνουσα

162 1266 199 1334 δὲ
222 1271 262 1334 τᾶ
284 1267 367 1352 μέσα
389 1270 540 1355 καθάπερ
563 1269 583 1353 ἡ
608 1271 742 1355 αὐθερία
769 1259 865 1354 μήνη.
910 1269 964 1334 ὅτε
990 1270 1054 1353 γὰρ
1078 1267 1177 1353 οὐρα-
1190 1279 1272 1334 YHS

164 1377 222 1452 νὸς
256 1374 415 1459 ὀσέληνος
453 1372 532 1441 οὐδὲ
569 1377 673 1458 ίβιύες
710 1375 827 1461 ὁρῶσι,
864 1375 986 1459 μύουσι
1023 1370 1060 1438 δὲ
1091 1385 1161 1450 τοῖς
1174 1385 1284 1442 YHPS

162 1481 352 1566 ὀφθαλμοῖς
370 1478 505 1546 τουτονὶ
523 1481 582 1545 τὸν
601 1482 724 1566 χρόνον
741 1478 796 1545 καὶ
816 1481 923 1546 ἄσιτοι
942 1479 1177 1565 ἐγκαρτεροῦσι
1190 1505 1216 1543 11

162 1588 198 1652 τὸ
236 1583 393 1670 συγγενὲς
431 1596 594 1670 στοιχεῖον
631 1585 863 1669 ὀναμένουσαι.
922 1586 940 1652 ὁ
973 1582 1011 1651 δέ
1045 1584 1177 1672 κέρκωψ

163 1692 342 1779 θηλυτέρας
369 1695 436 1777 ἔχει
467 1695 525 1770 τᾶς
557 1692 736 1778 ἐνεργείας·
768 1693 823 1758 ὅτε
849 1689 911 1777 μὲν
938 1694 1001 1779 γὰρ
1025 1693 1117 1772 αὐξει
1139 1694 1176 1759 τὸ

163 1810 234 1883 φῶς
270 1808 327 1882 τής
359 1802 512 1884 σελήνης,
545 1800 563 1866 ὁ
590 1811 662 1875 ,τῶν
694 1799 882 1885 ὀφθαλμῶν
915 1801 1035 1877 κύκλος
1070 1800 1176 1887 τούτῳ

162 1904 351 1991 εὐρύνεται,
385 1905 439 1971 ὅτε
466 1902 504 1971 δὲ
532 1906 638 1972 έκεῖνο
666 1915 830 1991 μειοῦται,
862 1908 899 1972 τὸ
927 1918 994 1972 τῶν
1021 1906 1177 1992 ὀμμάτων
1191 1928 1216 1969 15

161 2009 338 2098 περιφερὲς
367 2011 586 2078 συστέλλεται.
633 2010 714 2096 φασὶ
742 2011 782 2077 δι’
801 2037 904 2097 τινες,
932 2007 980 2078 ὧν
1008 2013 1076 2078 έστι
1102 2011 1158 2078 καὶ
1172 2024 1281 2080 XHPS

162 2117 366 2204 Δέρκυλλος,
390 2119 446 2223 ὐτγζ
459 2129 615 2202 γεννᾶται
635 2118 671 2183 ἐν
694 2127 740 2208 τῷ
754 2118 898 2206 Ὑδάσπῃ
917 2129 1053 2209 ποταμῷ
1078 2124 1176 2196 λίθος

163 2223 278 2310 λυχνὶς
313 2226 529 2310 καλούμενος·
571 2221 668 2301 οὗτος
703 2229 842 2310 σελήνης
877 2223 1059 2309 αὐξομένης
1093 2221 1176 2309 ήχον

233 2383 257 2420 v.
275 2370 307 2418 1⁷
326 2363 473 2433 Dercyllus
491 2363 524 2419 fr.
541 2371 572 2418 11
593 2362 676 2417 FHG
693 2363 732 2417 IV
751 2368 803 2418 388

232 2507 257 2542 v.
274 2493 289 2541 ὅ
309 2485 353 2542 ὅτι
375 2487 427 2558 τήν
450 2487 508 2560 ἴβιν
532 2489 579 2542 καί
598 2487 647 2543 τὸν
666 2485 795 2556 κέρκωπα
814 2488 956 2559 αίγύπτιοι
974 2499 1099 2558 τιμῶσιν·
1124 2491 1176 2560 ἀμ-

186 2557 267 2627 ὀτερα
286 2563 342 2613 κτλ.
362 2559 384 2614 S
403 2561 407 2629 λ
429 2559 480 2628 τήν
499 2557 628 2628 κέρκωπα
646 2560 677 2613 E
748 2566 866 2629 6τιμᾶν
884 2558 976 2615 ἐδόκει
994 2561 1025 2614 Ρ
1095 2562 1177 2616 λκαλ

162 2579 204 2684 gn
223 2630 240 2699 ἡ
260 2629 315 2701 ίβις
334 2630 409 2684 αὐτῶ
427 2635 465 2684 τῶ
480 2630 597 2701 σχήματι
611 2629 625 2683 έ
669 2629 732 2699 ερής
746 2629 803 2685 ἐστι
816 2639 849 2701 τῆ
863 2635 908 2685 σελ
927 2653 971 2701 νη,
989 2630 1024 2685 τὰ
1038 2630 1089 2700 μὲν
1103 2631 1176 2701 ὀίκρα

161 2702 408 2772 ΗΙαύτῶτετᾶ
472 2700 546 2768 9ή
602 2650 718 2756 offis
787 2699 868 2757 θότε
956 2700 1074 2757 ὀΗό
1122 2704 1179 2759 &S

163 2778 196 2826 10
215 2772 263 2828 καλ
281 2755 332 2834 ὐὰς
350 2757 420 2843 ίβέις
437 2772 474 2842 μή
494 2722 637 2841 ὀύᾶύηάᾶ’
659 2745 771 2835 ἀσίτους
790 2723 982 2842 θιακαροτεύεῖν
1001 2746 1035 2828 τύ
1047 2723 1177 2845 σντγεγενὲς

162 2852 297 2934 στοιγεῑον
316 2843 521 2914 ἀναμενούσας,
545 2843 642 2912 ἐπειδὴ
665 2841 771 2898 ἐοίκασι
794 2854 832 2899 τῶ
855 2844 972 2915 σχήματι
990 2854 1039 2916 τῆς
1062 2844 1177 2916 σελήνης

161 2913 196 2968 τὰ
215 2934 292 3039 ακρριὲ
307 2914 528 3040 ρμιγλοιὲνούσὲης,
547 2915 745 3006 λενκαινούσης
758 2913 794 3006 θλ
812 2915 847 3006 τύι
866 2913 942 2984 μέσα.
979 2917 1027 2970 καλ
1045 2916 1095 2971 τὸν
1112 2915 1176 3007 μέρ-

161 3004 242 3127 Ήὶίςωῖ
255 2989 566 3127 ύσιτοεςιλύγτκόιήύερύὐιέ
577 2987 605 3040 P
623 2987 866 3126 ΙΙύὐύινόὐρύιένόιύσεόι
882 2985 912 3114 g}
931 2987 953 3042 S
975 3063 1008 3112 13
1025 2992 1175 3126 ὐύντόᾝέ

105 3141 107 3146 ’
168 3127 257 3182 YHS
327 3133 360 3180 14
378 3128 396 3197 ἡ
416 3126 514 3197 σελήνη
532 3128 576 3197 Η,
600 3127 698 3197 σελήνη
722 3129 774 3183 YS
797 3131 801 3199 Ι
825 3137 875 3183 τοῦ
899 3129 1050 3199 ὀφθαλμοῦ
1071 3127 1176 3184 τούτων

163 3199 264 3260 κύκλος
276 3198 311 3252 H
323 3199 327 3270 λ
344 3200 430 3254 αὐτοῦ
445 3198 545 3261 κύκλος
558 3199 703 3268 εὐρύτερος
716 3197 823 3270 γίνεται
837 3200 865 3253 Ρ
935 3206 968 3254 16
988 3198 1078 3254 έκεῖνο
1096 3199 1175 3254 omis,

167 3269 262 3338 YHS,
280 3269 384 3324 lacuna
401 3269 432 3324 in
445 3271 476 3323 E
543 3277 575 3324 16
595 3278 720 3339 μειοῦται
739 3268 909 3326 συστέλλεται
928 3274 980 3326 cet.
998 3271 1055 3324 des.
1075 3269 1108 3338 Y,
1128 3287 1175 3325 σν-

163 3338 299 3395 στέλλεται
317 3342 365 3396 καλ
384 3337 465 3403 οὗτος
483 3341 511 3394 Ρ
581 3347 614 3394 17
634 3339 780 3410 θέρκνλλος
802 3339 834 3396 δέ
857 3360 943 3412 φησιν
962 3345 1060 3412 (φασιν
1078 3341 1113 3410 S)
1133 3339 1175 3397 ὅτι

163 3412 238 3480 XS!
255 3413 303 3466 καλ
322 3411 352 3467 ἐν
370 3417 408 3466 τοῦ
426 3411 538 3480 ὐθιίσπη
557 3417 672 3481 ποταμώ
690 3412 727 3476 ὥς
746 3431 815 3483 φασι
834 3421 966 3484 γεννᾶται
984 3409 1065 3475 λύθος
1082 3410 1175 3483 λυχνί-

162 3502 211 3552 της
230 3483 264 3537 Η
297 3479 351 3555 ὀτι]
371 3484 407 3546 ὡς
425 3484 453 3537 Ρ
467 3486 471 3554 λ
487 3491 619 3552 γεννᾶται
637 3480 718 3565 λύθος
736 3483 766 3540 ἐν
785 3485 813 3538 Ρ
883 3490 916 3538 18
935 3483 1036 3554 λύγνης
1053 3483 1088 3553 Α,
1111 3487 1174 3555 λυγ-

164 3553 240 3678 νίτηές
280 3597 286 3623 ,
305 3554 587 3694 λμγνέεςλμαλούμενος
605 3571 683 3610 oms,
703 3556 731 3609 P
745 3555 749 3626 λ
765 3551 846 3618 οὐτος
864 3555 934 3610 ΧΗ
954 3553 985 3618 ὃς
1004 3556 1074 3626 Ρδλ
1090 3556 1174 3621 αὐξα-

164 3645 216 3692 νοι
231 3645 282 3694 vus
298 3645 348 3694 τηε
430 3645 481 3694 νε

974 3717 1013 3769 4ο
