2790 4214
218 265 261 328 74
457 265 565 318 LIBER
584 263 759 330 QUARTUS.
787 263 986 318 IANUARHJS
1047 325 1051 340 A

178 427 443 513 ΧἸανουαρίων,
475 427 651 512 ἐσχόλαζον
682 429 738 492 διά
769 429 810 492 τά
840 429 911 513 λερά
943 428 982 492 τά
1015 428 1226 513 λπποδρόμια.

218 536 250 600 οἱ
274 530 311 598 δέ
333 535 397 619 πρὸ
420 542 478 617 τῆς
500 532 553 598 ἐπί
571 536 633 618 τὴν
652 535 876 619 ἱπποδρομίαν
894 535 1052 619 προόδου,
1077 551 1227 620 συμπαρ-

220 643 327 705 όντων
350 641 463 717 αὐτοῖς
486 652 552 706 τῶν
577 638 771 727 ἀρχιερέων,
795 639 945 724 ἐνηγιζον
968 651 1037 716 τοῖς
1060 641 1225 725 δαίμοσιν,

219 745 272 810 ἐπὶ
287 743 324 811 δὲ
337 757 404 811 τῶν
418 747 546 830 ἀγνιῶν
564 749 603 812 τδ
619 745 696 832 παρ’
716 746 829 822 αὐτοῖς
842 748 1030 831 καλούμενα
1044 751 1231 833 μιλιαρίσια

191 860 264 940 ετιβ
293 855 415 936 πλήθει
446 852 642 918 ἐπεδίδοσαν
669 854 716 929 εἰς
743 853 841 937 τιμὴν
868 856 1069 930 Σκιπίωνος·
1101 865 1231 939 πρῶτος

218 960 281 1045 γάρ
309 959 408 1035 αὐτὸς
431 957 484 1024 ἐπὶ
507 968 565 1042 τῆς
588 957 762 1042 ἑκατοστῆς
785 957 922 1041 ἐννάτης
940 956 1159 1042 Ὀλυμπιάδος
1182 957 1225 1024 δι’

110 1076 257 1131 XOedren.
272 1067 404 1130 ἔνδειαν
426 1068 567 1151 χρυσίου
586 1076 655 1142 τοῖς
674 1065 889 1150 στρατιώταις
910 1066 950 1129 τά
972 1067 1157 1150 μιλιαρίσια
1175 1089 1231 1130 κα-

217 1172 418 1249 τασκευάσας
441 1171 656 1255 ἐπιδέδωκεν,
676 1169 835 1254 Ἀννίβου
857 1181 926 1246 τοῖς
949 1172 1139 1256 πράγμασιν
1162 1170 1231 1236 ἐπι-

218 1277 380 1364 κειμένου.
427 1278 477 1343 ότι
504 1277 621 1363 κέρδος
648 1277 668 1360 ἡ
697 1276 865 1363 ἐπίκαιρος
893 1278 986 1353 δόσις
1013 1276 1142 1360 λέγεται
1170 1276 1227 1343 καὶ

178 1412 204 1450 ιο
218 1389 403 1470 μιλιαρίσια
426 1383 489 1449 ἀπὸ
513 1394 571 1468 τῆς
593 1388 738 1469 μιλιτίας
761 1382 864 1449 οἱονεὶ
888 1392 945 1467 τῆς
968 1393 1122 1469 στρατιᾶς
1144 1384 1228 1449 ὠνο-

179 1494 404 1578 Χμάσδησαν.
464 1491 481 1557 ὁ
519 1488 556 1557 δέ
587 1493 765 1578 Δάρδανος
803 1490 839 1556 ἐν
875 1499 921 1579 τῷ
956 1488 1032 1576 περὶ
1069 1497 1228 1575 σταθμῶν

217 1603 334 1683 χιλίων
363 1599 493 1682 ὀβολῶν
521 1597 609 1681 λέγει
636 1599 737 1664 πάλαι
765 1597 922 1681 γενέσθαι
949 1599 986 1662 τὸ
1014 1599 1229 1683 μιλιαρίσιον,
1320 1662 1321 1666 ,

216 1704 271 1771 καὶ
295 1705 358 1770 ἀπὸ
382 1715 439 1788 τῆς
461 1706 611 1789 χιλιάδος
633 1716 701 1770 τῶν
719 1704 849 1788 ὀβολῶν
868 1703 972 1781 οὕτως
991 1704 1228 1787 ὀνομασθῆναι.

285 1811 334 1875 10.
353 1809 437 1877 Μετ’
451 1811 555 1894 αὐτὴν
573 1813 655 1894 βότα
672 1812 836 1895 πούβλικα
854 1808 975 1875 ὡσανεὶ
989 1812 1143 1895 δημοσίαι
1157 1820 1280 1875 Rr1V10

176 1928 203 1982 H
218 1917 319 2002 εὐχαί.
366 1918 563 2004 λεροόργουν
592 1913 635 1982 δέι
655 1915 709 1982 καὶ
738 1918 770 1982 ολ
797 1916 916 1982 ὕπατοι
943 1912 1027 2003 ὑπὲρ
1055 1925 1112 1999 τῆς
1134 1922 1228 1982 πολι-

176 2051 202 2090 16
216 2028 304 2100 τείας
332 2022 387 2088 καλ
416 2033 477 2089 τοῦ
507 2025 614 2108 δήμου
646 2032 706 2088 τοῦ
729 2021 925 2107 Ῥωμαικοῦ,
956 2021 1011 2087 καὶ
1042 2024 1163 2100 πάντες
1195 2025 1228 2089 ολ

217 2133 372 2215 ἀρχοντες
391 2128 577 2214 ἐξώμνυντο
596 2131 636 2194 τά
655 2131 767 2195 δίκαια
785 2130 965 2213 φυλάττειν
978 2139 1047 2204 τοῖς
1060 2128 1228 2212 ὑπηκόοις.

215 2235 270 2302 καλ
297 2235 385 2302 τοῦτ’
418 2240 580 2324 ἔπραττον
603 2238 712 2322 ὥσπερ
737 2235 769 2314 ἐξ
793 2234 952 2319 ἀνάγκης,
976 2233 1046 2299 ἐπεὶ
1069 2235 1228 2310 πολλάκις

215 2352 485 2429 παρανομοῦντες
518 2345 549 2409 ολ
578 2345 733 2429 άρχοντες
762 2341 783 2425 ἦ
814 2340 866 2407 ἐπὶ
897 2343 1062 2426 δεκασμοῦ
1092 2340 1228 2417 ἁλόντες

175 2461 201 2514 X
215 2449 252 2515 ἐν
270 2458 404 2537 φρουρᾷ
421 2451 504 2536 πρὸς
521 2461 589 2515 τῶν
607 2450 784 2535 δημάρχων
803 2447 1018 2532 ἀνετέθησαν.
1050 2446 1104 2513 καὶ
1124 2447 1228 2524 ἀδεῶς

175 2584 200 2621 ει
215 2558 251 2621 τὸ
274 2563 405 2639 πλῆθος
427 2556 639 2621 ἀπέσκωπτεν
662 2558 709 2632 εἰς
730 2557 808 2631 τοὺς
831 2557 992 2640 ἀρχοντας
1015 2554 1054 2619 οὐ
1074 2554 1227 2638 βήμασιν,

215 2661 299 2727 ἀλλά
321 2660 376 2726 καὶ
400 2664 563 2745 σχήμασιν
586 2660 639 2727 ἐπὶ
661 2663 698 2726 τὸ
722 2661 896 2743 γελοιῶδες
919 2663 1044 2744 ἔχουσι·
1067 2669 1165 2725 τοῦτο
1189 2656 1227 2726 δὲ

215 2769 377 2853 ἔπραττον
399 2767 446 2842 εἰς
469 2767 568 2850 τιμὴν
591 2766 793 2851 ἐλευθερίας,
815 2764 871 2830 καί
894 2766 926 2831 οἱ
949 2768 1105 2851 ἀρχοντες
1123 2765 1227 2831 ἐνεδί-

142 2886 201 2940 ΧΗ
215 2875 329 2957 δοσαν,
352 2870 473 2938 ὡσανεὶ
496 2875 586 2960 νόμῳ
609 2881 647 2958 τῇ
668 2875 832 2958 συνηθείᾳ
849 2881 1129 2958 παραχωροῦντες.
1170 2871 1226 2938 καὶ

284 3073 339 3120 v.1
360 3064 421 3134 λερά
435 3064 484 3119 διά
497 3063 532 3118 τδι
546 3064 584 3133 Χ,
604 3080 671 3118 corr.
688 3065 731 3118 Rr
784 3062 956 3145 3δόγμασιν
971 3064 999 3117 Β
1052 3065 1184 3127 6αότοῑς
1197 3064 1226 3118 Β

215 3145 230 3192 9
251 3136 293 3192 ὅτι
306 3135 405 3206 κέρδος
419 3169 453 3176 -
467 3133 574 3206 λέγεται
587 3134 665 3190 omis.
681 3136 719 3204 X,
739 3135 865 3206 supplem
884 3152 899 3190 e
914 3134 1013 3204 Georg.
1029 3133 1143 3190 Cedren.
1158 3135 1223 3191 hist.

215 3226 302 3280 comp.
318 3227 345 3279 p.
361 3214 420 3276 296,
436 3214 452 3261 3
466 3208 557 3261 Bonn:
578 3203 620 3260 ότι
638 3203 736 3274 κέρδος
753 3205 771 3275 ἡ
791 3203 934 3274 ἐπίκαιρος
952 3203 1029 3268 δόσις
1047 3203 1161 3275 λέγεται,
1181 3226 1225 3275 μι-

213 3282 336 3349 λιαρίοια
350 3278 381 3335 δὲ
395 3280 451 3334 ἀπὸ
470 3286 518 3348 τῆς
532 3275 651 3346 μιλιτίας
667 3275 755 3347 ἤγονν
770 3275 919 3344 στρατείας,
939 3275 954 3330 δ
972 3275 1025 3347 γὰρ
1040 3275 1167 3333 Σιντιίων
1182 3275 1221 3332 δι’

215 3350 326 3408 ἔνδειαν
339 3385 375 3392 -
389 3357 405 3405 8
419 3346 594 3418 ἐπικειμένου
667 3354 698 3401 11
718 3347 871 3416 δαρδάνιος
889 3349 928 3414 X,
949 3345 1099 3416 Δάρδανος
1117 3347 1223 3418 scripsi,

214 3421 248 3475 cf.
272 3422 405 3477 Priscian.
430 3422 472 3476 ed.
495 3421 532 3474 M.
551 3420 636 3474 Hertz
660 3419 733 3489 (Keil
754 3417 846 3473 Gram.
870 3418 920 3474 lat.
938 3419 987 3489 ΠΙ)
1005 3419 1031 3472 Π
1053 3436 1080 3488 p.
1101 3425 1165 3490 408,
1183 3426 1224 3476 18.

214 3497 275 3560 409,
290 3498 324 3546 30
385 3499 417 3546 13
437 3491 517 3554 οάτος
531 3492 558 3545 Α
621 3496 653 3544 15
673 3491 836 3561 ἱεροίργονν
850 3523 884 3530 -
899 3496 932 3543 20
951 3489 1130 3560 ἀπετέθησαν
1144 3491 1223 3546 omis,

214 3563 246 3616 X
298 3569 333 3617 24
348 3572 381 3633 τῆ
395 3560 483 3633 ἡμέρα
496 3563 583 3633 ταότη
597 3563 646 3617 καὶ
660 3562 687 3616 ολ
701 3559 885 3617 οἰωνοσκόποι
899 3560 976 3631 παρὰ
990 3558 1124 3633 βωμαίοις
1137 3561 1224 3626 οὕτως

214 3630 371 3698 ἔδέσπιζον·
391 3633 487 3704 ἐπειδὴ
507 3634 559 3706 γὰρ
578 3638 614 3705 (p.
630 3640 672 3704 75,
688 3637 714 3705 3)
733 3637 788 3689 κτλ,
806 3635 841 3688 Η
