2760 4234
262 253 324 318 108
517 254 625 309 LIBER
644 253 819 319 QUARTUS.
847 252 1007 308 MARTIUS

219 427 245 481 X
259 417 364 500 φύσιν
390 421 578 482 κοινωνίαν.
622 416 677 482 καὶ
701 419 849 501 φαλλοὺς
875 415 913 480 ἐν
939 425 1009 492 τοῖς
1036 417 1137 501 ἱεροῖς
1165 415 1269 480 αὑτοῦ

260 523 525 607 παρελάμβανον,
550 522 653 588 οἱονεὶ
675 526 715 588 τά
734 524 909 607 γεννητικὰ
927 524 1063 608 όργανα,
1085 519 1140 586 καὶ
1159 526 1270 586 είσοπ-

260 652 341 714 τρον
369 628 472 694 οἱονεὶ
498 630 558 694 τὸν
585 631 705 713 διαυγῆ
734 629 894 716 οὐρανόν,
925 638 1071 713 σφαῖραν
1098 624 1135 692 δὲ
1162 626 1267 693 οἱονεὶ

260 736 321 817 τὴν
343 745 418 819 γῆν·
442 735 460 801 δ
483 737 547 821 γάρ
566 736 710 801 Πλάτων
729 736 828 822 ἐντῷ
852 739 976 823 Τιμαίῳ
995 737 1110 820 φησίν·
1134 733 1186 819 γῇ
1205 729 1268 818 μὲν

234 842 297 907 ττὸ
323 843 501 926 σφαιρικὸν
523 836 632 918 εἷδος.’
674 843 726 907 διὸ
746 842 787 925 δὴ
805 839 860 906 καὶ
879 840 896 905 ὁ
917 843 1122 925 Πυθαγόρας
1141 840 1178 905 ἐν
1195 851 1269 916 ταῖς

260 945 339 1012 δέκα
357 951 513 1034 σφαίραις
532 947 636 1024 οὑτως
654 947 708 1013 καὶ
727 948 809 1035 αὐτῇ
827 950 934 1033 ψυχὰς
954 947 1158 1033 ἕνεσπάρδαι
1176 949 1269 1031 φησί.

261 1053 449 1140 Πυριγενόα
472 1050 509 1118 δὲ
532 1053 634 1120 αὑτὸν
656 1053 711 1119 καὶ
730 1060 909 1140 Παγκρατῆ
933 1053 969 1118 ἐν
987 1065 1057 1130 τοῖς
1076 1055 1177 1138 λεροῖς
1196 1052 1271 1117 ἐκά-

260 1165 353 1245 λουν,
377 1161 427 1226 ὅτι
450 1163 510 1244 τὴν
532 1158 593 1245 μδν
616 1162 721 1246 φύσιν
742 1162 898 1248 πυρώδης
922 1158 1012 1226 ἐστὶν
1035 1160 1052 1226 ὁ
1074 1161 1183 1243 ἥλιος,
1205 1168 1268 1224 τοῦ

261 1263 297 1332 δὲ
324 1269 446 1343 παντὸς
473 1267 606 1353 ἐπάρχει
632 1267 688 1333 καὶ
714 1279 835 1355 κρατεῖ.
875 1266 930 1332 καὶ
952 1269 1109 1352 πάνθηρα
1132 1263 1169 1332 δὲ
1187 1288 1255 1350 παρ

219 1400 246 1439 ιο
259 1373 364 1438 αὑτοῦ
395 1375 542 1457 τοῦνομα
578 1383 735 1440 ποιοῦσιν
771 1374 1031 1458 ἀποδεχόμενον,
1068 1371 1170 1438 οἱονεὶ
1206 1373 1270 1454 τὴν

259 1480 436 1566 πάνδηρον
463 1490 528 1565 γῆν
558 1479 590 1558 ἐξ
620 1480 724 1546 αὑτοῦ
754 1481 989 1564 λαμβάνουσαν
1015 1481 1077 1563 την
1106 1479 1270 1558 ζωοποιὸν

258 1584 314 1650 καὶ
337 1585 561 1672 εὐφραντικην
583 1588 721 1672 τροφην.
761 1584 817 1651 καὶ
835 1587 965 1670 Βάκχας
987 1585 1076 1673 αὐτῷ
1099 1582 1154 1650 καὶ
1173 1586 1269 1669 Νύμ-

260 1716 326 1776 φας
349 1691 452 1758 ολονελ
475 1695 515 1758 τά
537 1693 643 1758 ὑδατα
660 1701 795 1757 ποιοῦσι
812 1699 1069 1776 πειθαρχοῦντα,
1091 1702 1131 1778 τῇ
1153 1688 1190 1756 δὲ
1207 1702 1269 1757 τοῦ

259 1797 357 1881 ἡλίου
379 1801 506 1882 κινήσει
528 1798 549 1881 η
572 1810 640 1863 τῶν
661 1799 794 1864 ὑδάτων
817 1799 918 1883 φύσις
940 1802 1162 1881 ζωογονεῖται·
1187 1799 1269 1883 κύμ-

218 1929 245 1969 15
259 1906 344 1987 βαλα
367 1900 405 1968 δὲ
427 1903 482 1970 καὶ
504 1905 655 1990 θύρσους
678 1905 792 1981 αὑταῖς
815 1906 947 1970 διδόασι
969 1906 1029 1970 τὸν
1051 1916 1118 1970 τῶν
1135 1906 1269 1971 ὑδάτων

258 2004 354 2093 ἦχον·
381 2009 436 2075 καὶ
463 2011 529 2077 ὑπὸ
557 2012 720 2096 Σατύρων
748 2010 968 2096 ἐλαυνομένας
995 2013 1054 2088 τάς
1079 2013 1269 2096 Μαινάδας,

259 2107 332 2181 οἷον
363 2116 428 2181 ὑπὸ
460 2128 528 2182 τῶν
559 2116 689 2202 ἀνέμων
723 2116 917 2202 ὠθουμένης
948 2126 1006 2201 τῆς
1036 2129 1104 2183 τῶν
1134 2119 1270 2183 ὑδάτων

258 2223 391 2308 φύσεως
412 2225 554 2310 βροντάς
575 2223 631 2290 καὶ
653 2225 799 2301 κτύπους
816 2224 1058 2290 ἀποτελεῖσθαι.
1094 2227 1269 2290 Διόνυσον

259 2326 296 2394 δὲ
319 2328 440 2396 ὡσανεὶ
463 2332 522 2396 τὸν
544 2340 604 2396 τοῦ
626 2332 711 2408 Διὸς
737 2340 822 2396 νοῦν
848 2329 952 2396 οἱονεὶ
974 2331 1035 2414 την
1057 2340 1117 2396 τοῦ
1139 2334 1268 2415 κόσμου

218 2463 245 2502 ιο
258 2439 381 2521 ψυχήν·
404 2443 572 2521 πολλαχοῦ
591 2439 654 2523 γάρ
672 2437 879 2523 εὑρίσκομεν,
900 2439 943 2514 ὡς
962 2437 980 2503 δ
999 2438 1128 2522 σύμπας
1146 2439 1270 2522 κόσμος

260 2545 344 2618 Ζεὺς
367 2543 558 2627 ὀνομάζεται
581 2546 637 2609 διὰ
655 2545 692 2608 τὸ
711 2543 847 2623 άειΐωον
864 2542 919 2608 καὶ
937 2542 1161 2627 ἀτελεύτητον.
1203 2549 1269 2608 Σε-

257 2647 357 2732 μέλης
381 2645 418 2713 δὲ
441 2649 543 2714 αὑτὸν
569 2659 726 2715 ποιοῦσιν
753 2651 843 2732 υἱόν,
872 2650 916 2725 ὡς
941 2649 1007 2714 ὑπὸ
1034 2659 1098 2734 γῆν
1124 2653 1268 2736 κρυπτό-

258 2777 360 2837 μενον
382 2753 437 2819 καὶ
465 2757 521 2820 διά
544 2765 604 2821 τοῦ
623 2755 761 2840 Ἑρμοῦ,
788 2753 937 2820 τουτέστι
959 2765 1019 2821 τοῦ
1043 2759 1159 2840 λόγου,
1186 2777 1268 2842 προ-

259 2863 366 2925 ῖόντα·
389 2859 444 2925 καὶ
462 2869 508 2948 τῷ
531 2869 624 2948 μηρςῖ
642 2870 703 2926 τοῦ
721 2861 805 2936 Διὸς
828 2859 1080 2946 ἐντρεφόμενον,
1103 2859 1205 2927 οἱονεὶ
1229 2860 1268 2926 ἐν

219 2992 245 3033 ω
258 2977 328 3043 τοῖς
355 2966 554 3053 ἀπορρήτοις
580 2977 640 3032 τοῦ
666 2969 793 3051 κόσμου
820 2968 1046 3033 λανθάνοντα·
1072 2966 1128 3033 καὶ
1155 2969 1268 3034 Διθύ-
1335 3009 1336 3018 1

260 3076 388 3160 ραμβον
410 3071 465 3138 καὶ
483 3075 656 3158 Διμητορα
679 3073 738 3137 τὸν
762 3073 823 3138 δύο
846 3074 1012 3159 προόδους
1031 3076 1184 3158 λαχόντα,
1207 3075 1269 3158 τὴν
1333 3147 1334 3171 χ

329 3303 353 3337 v.
369 3288 385 3336 4
398 3282 481 3336 Plato
495 3280 565 3336 Tim.
580 3299 606 3350 p.
618 3281 694 3336 55D:
715 3290 749 3353 γῇ
763 3280 813 3350 μὲν
823 3282 858 3352 δὴ
873 3283 904 3337 τδ
918 3283 1061 3355 κνβικδν
1076 3280 1151 3345 εἶδος
1165 3286 1265 3352 δῶμεν.

330 3496 354 3532 v.
368 3483 384 3531 2
400 3477 546 3549 όργανικαὶ
562 3476 695 3545 ἔσοπτρον
710 3478 745 3547 Β,
761 3495 828 3532 corr.
843 3479 903 3532 ead.
918 3496 954 3532 m.
1014 3485 1030 3532 6
1049 3480 1118 3549 αῦτη
1132 3480 1168 3547 A,
1182 3480 1270 3548 αὑτῆς

259 3549 332 3619 AB
404 3548 557 3620 9ὑπάρχει
576 3550 604 3602 Β
620 3551 623 3619 λ
639 3547 790 3618 πάνδηρον
809 3550 847 3618 Χ,
866 3567 934 3604 corr.
954 3551 997 3604 Rr
1069 3557 1102 3604 10
1120 3548 1225 3619 τόνομα
1239 3551 1268 3603 A
1327 3597 1328 3625 ,

260 3625 293 3672 16
312 3618 494 3688 ἐλαυνόμενος
513 3623 540 3674 Β
613 3626 645 3673 18
664 3620 767 3683 τύπους
785 3622 812 3674 A
884 3627 918 3675 26
938 3620 1080 3691 δημήτορα
1098 3630 1153 3676 τῶν
1172 3623 1199 3675 A
