<?xml version="1.0" encoding="UTF-8"?>
<!DOCTYPE html PUBLIC "-//W3C//DTD XHTML 1.0 Transitional//EN"
    "http://www.w3.org/TR/xhtml1/DTD/xhtml1-transitional.dtd">
<html xmlns="http://www.w3.org/1999/xhtml" xml:lang="en" lang="en">
 <head>
  <title>
</title>
<meta http-equiv="Content-Type" content="text/html;charset=utf-8" />
  <meta name='ocr-system' content='tesseract 3.04.00' />
  <meta name='ocr-capabilities' content='ocr_page ocr_carea ocr_par ocr_line ocrx_word'/>
</head>
<body>
  <div class='ocr_page' id='page_1' title='image "./ioannislaurenti02wuengoog_0073.png"; bbox 0 0 2788 4222; ppageno 0'>
   <div class='ocr_carea' id='block_1_1' title="bbox 235 287 841 346">
    <p class='ocr_par' dir='ltr' id='par_1_1' title="bbox 235 287 841 346">
     <span class='ocr_line' id='line_1_1' title="bbox 235 287 841 346; baseline -0.007 0"><span class='ocrx_word' id='word_1_1' title='bbox 235 291 309 346; x_wconf 85' lang='lat' dir='ltr'>LXX</span> <span class='ocrx_word' id='word_1_2' title='bbox 637 287 841 344; x_wconf 78' lang='lat' dir='ltr'><strong>PRAEFATIO</strong></span> 
     </span>
    </p>
   </div>
   <div class='ocr_carea' id='block_1_2' title="bbox 233 454 1243 711">
    <p class='ocr_par' dir='ltr' id='par_1_2' title="bbox 233 454 1243 711">
     <span class='ocr_line' id='line_1_2' title="bbox 234 454 1242 528; baseline -0.004 -10"><span class='ocrx_word' id='word_1_3' title='bbox 234 457 429 518; x_wconf 87' lang='lat' dir='ltr'>demonstrari</span> <span class='ocrx_word' id='word_1_4' title='bbox 452 460 552 518; x_wconf 86' lang='lat' dir='ltr'>autem</span> <span class='ocrx_word' id='word_1_5' title='bbox 574 457 692 516; x_wconf 81' lang='lat' dir='ltr'>ridetur</span> <span class='ocrx_word' id='word_1_6' title='bbox 713 457 760 516; x_wconf 93' lang='lat' dir='ltr'>his</span> <span class='ocrx_word' id='word_1_7' title='bbox 777 455 963 528; x_wconf 85' lang='lat' dir='ltr'>lectionibus,</span> <span class='ocrx_word' id='word_1_8' title='bbox 986 473 1054 515; x_wconf 89' lang='lat' dir='ltr'>suas</span> <span class='ocrx_word' id='word_1_9' title='bbox 1073 454 1242 515; x_wconf 85' lang='lat' dir='ltr'>codicemT</span> 
     </span>
     <span class='ocr_line' id='line_1_3' title="bbox 234 544 1243 622; baseline -0.002 -16"><span class='ocrx_word' id='word_1_10' title='bbox 234 545 375 606; x_wconf 90' lang='lat' dir='ltr'>lectiones</span> <span class='ocrx_word' id='word_1_11' title='bbox 397 546 506 606; x_wconf 89' lang='lat' dir='ltr'>habere</span> <span class='ocrx_word' id='word_1_12' title='bbox 528 547 678 622; x_wconf 90' lang='lat' dir='ltr'>proprias,</span> <span class='ocrx_word' id='word_1_13' title='bbox 702 564 720 604; x_wconf 89' lang='lat' dir='ltr'>a</span> <span class='ocrx_word' id='word_1_14' title='bbox 741 544 904 604; x_wconf 91' lang='lat' dir='ltr'>Barherino</span> <span class='ocrx_word' id='word_1_15' title='bbox 927 544 1070 604; x_wconf 84' lang='lat' dir='ltr'>diversas:</span> <span class='ocrx_word' id='word_1_16' title='bbox 1098 563 1165 603; x_wconf 84' lang='lat' dir='ltr'>cum</span> <span class='ocrx_word' id='word_1_17' title='bbox 1187 545 1243 604; x_wconf 90' lang='lat' dir='ltr'>hac</span> 
     </span>
     <span class='ocr_line' id='line_1_4' title="bbox 233 629 1242 711; baseline -0.001 -19"><span class='ocrx_word' id='word_1_18' title='bbox 233 635 431 710; x_wconf 86' lang='lat' dir='ltr'>reconvenit,</span> <span class='ocrx_word' id='word_1_19' title='bbox 457 635 537 711; x_wconf 90' lang='lat' dir='ltr'>quod</span> <span class='ocrx_word' id='word_1_20' title='bbox 555 635 685 710; x_wconf 88' lang='lat' dir='ltr'>titulum,</span> <span class='ocrx_word' id='word_1_21' title='bbox 709 653 796 710; x_wconf 90' lang='lat' dir='ltr'>quem</span> <span class='ocrx_word' id='word_1_22' title='bbox 815 633 933 693; x_wconf 78' lang='lat' dir='ltr'>exhibet</span> <span class='ocrx_word' id='word_1_23' title='bbox 951 633 985 708; x_wconf 83' lang='lat' dir='ltr'>T,</span> <span class='ocrx_word' id='word_1_24' title='bbox 1007 629 1039 692; x_wconf 81' lang='grc' dir='ltr'>ἐκ</span> <span class='ocrx_word' id='word_1_25' title='bbox 1061 639 1120 692; x_wconf 79' lang='grc' dir='ltr'>τῶν</span> <span class='ocrx_word' id='word_1_26' title='bbox 1142 635 1242 692; x_wconf 81' lang='lat' dir='ltr'>Klou-</span> 
     </span>
    </p>
   </div>
   <div class='ocr_carea' id='block_1_3' title="bbox 231 721 1244 2024">
    <p class='ocr_par' dir='ltr' id='par_1_3' title="bbox 232 721 1244 1242">
     <span class='ocr_line' id='line_1_5' title="bbox 234 721 1244 804; baseline -0.005 -20"><span class='ocrx_word' id='word_1_27' title='bbox 234 722 300 784; x_wconf 79' lang='grc' dir='ltr'><em>δίοο</em></span> <span class='ocrx_word' id='word_1_28' title='bbox 321 722 455 784; x_wconf 80' lang='grc' dir='ltr'><em>Τούσκου</em></span> <span class='ocrx_word' id='word_1_29' title='bbox 478 721 675 804; x_wconf 77' lang='grc' dir='ltr'><strong><em>ἐφημερίδων,</em></strong></span> <span class='ocrx_word' id='word_1_30' title='bbox 697 724 729 782; x_wconf 90' lang='lat' dir='ltr'>in</span> <span class='ocrx_word' id='word_1_31' title='bbox 747 722 776 781; x_wconf 80' lang='lat' dir='ltr'>A</span> <span class='ocrx_word' id='word_1_32' title='bbox 798 741 937 800; x_wconf 79' lang='lat' dir='ltr'>graecum</span> <span class='ocrx_word' id='word_1_33' title='bbox 956 722 1085 798; x_wconf 86' lang='lat' dir='ltr'>reperire</span> <span class='ocrx_word' id='word_1_34' title='bbox 1108 740 1168 780; x_wconf 91' lang='lat' dir='ltr'>non</span> <span class='ocrx_word' id='word_1_35' title='bbox 1189 740 1244 797; x_wconf 90' lang='lat' dir='ltr'>po-</span> 
     </span>
     <span class='ocr_line' id='line_1_6' title="bbox 233 809 1243 889; baseline -0.002 -18"><span class='ocrx_word' id='word_1_36' title='bbox 233 813 306 886; x_wconf 88' lang='lat' dir='ltr'>tuit,</span> <span class='ocrx_word' id='word_1_37' title='bbox 332 812 462 872; x_wconf 87' lang='lat' dir='ltr'>latinum</span> <span class='ocrx_word' id='word_1_38' title='bbox 483 831 566 888; x_wconf 83' lang='lat' dir='ltr'>vero,</span> <span class='ocrx_word' id='word_1_39' title='bbox 594 812 646 889; x_wconf 89' lang='lat' dir='ltr'>qui</span> <span class='ocrx_word' id='word_1_40' title='bbox 668 811 711 871; x_wconf 92' lang='lat' dir='ltr'>ibi</span> <span class='ocrx_word' id='word_1_41' title='bbox 739 810 861 889; x_wconf 83' lang='lat' dir='ltr'>legitur,</span> <span class='ocrx_word' id='word_1_42' title='bbox 888 810 1045 870; x_wconf 78' lang='lat' dir='ltr'><strong>recentiori</strong></span> <span class='ocrx_word' id='word_1_43' title='bbox 1073 811 1167 870; x_wconf 89' lang='lat' dir='ltr'>aetati</span> <span class='ocrx_word' id='word_1_44' title='bbox 1189 809 1243 869; x_wconf 87' lang='lat' dir='ltr'>tri-</span> 
     </span>
     <span class='ocr_line' id='line_1_7' title="bbox 233 898 1242 977; baseline -0.002 -19"><span class='ocrx_word' id='word_1_45' title='bbox 233 899 381 960; x_wconf 87' lang='lat' dir='ltr'>buendum</span> <span class='ocrx_word' id='word_1_46' title='bbox 403 920 466 962; x_wconf 89' lang='lat' dir='ltr'>esse</span> <span class='ocrx_word' id='word_1_47' title='bbox 488 904 600 976; x_wconf 89' lang='lat' dir='ltr'>putem,</span> <span class='ocrx_word' id='word_1_48' title='bbox 623 919 713 977; x_wconf 89' lang='lat' dir='ltr'>quam</span> <span class='ocrx_word' id='word_1_49' title='bbox 736 900 772 974; x_wconf 90' lang='lat' dir='ltr'>ei,</span> <span class='ocrx_word' id='word_1_50' title='bbox 795 919 857 976; x_wconf 89' lang='lat' dir='ltr'>qua</span> <span class='ocrx_word' id='word_1_51' title='bbox 879 899 1062 975; x_wconf 87' lang='lat' dir='ltr'>conscriptus</span> <span class='ocrx_word' id='word_1_52' title='bbox 1086 901 1131 958; x_wconf 93' lang='lat' dir='ltr'>est</span> <span class='ocrx_word' id='word_1_53' title='bbox 1152 898 1242 958; x_wconf 82' lang='lat' dir='ltr'>codex</span> 
     </span>
     <span class='ocr_line' id='line_1_8' title="bbox 233 987 1242 1066; baseline -0.002 -18"><span class='ocrx_word' id='word_1_54' title='bbox 233 989 266 1048; x_wconf 85' lang='grc' dir='ltr'>Τ.</span> <span class='ocrx_word' id='word_1_55' title='bbox 312 1007 404 1064; x_wconf 90' lang='lat' dir='ltr'>quare</span> <span class='ocrx_word' id='word_1_56' title='bbox 428 989 742 1066; x_wconf 82' lang='lat' dir='ltr'>Gryptoferratensem‚</span> <span class='ocrx_word' id='word_1_57' title='bbox 770 989 844 1048; x_wconf 89' lang='lat' dir='ltr'>alias</span> <span class='ocrx_word' id='word_1_58' title='bbox 867 987 1030 1048; x_wconf 86' lang='lat' dir='ltr'>Barbarino</span> <span class='ocrx_word' id='word_1_59' title='bbox 1052 988 1242 1063; x_wconf 76' lang='lat' dir='ltr'><strong>persimilem,</strong></span> 
     </span>
     <span class='ocr_line' id='line_1_9' title="bbox 232 1075 1242 1154; baseline -0.002 -18"><span class='ocrx_word' id='word_1_60' title='bbox 232 1096 292 1136; x_wconf 90' lang='lat' dir='ltr'>non</span> <span class='ocrx_word' id='word_1_61' title='bbox 320 1097 355 1136; x_wconf 90' lang='lat' dir='ltr'>ex</span> <span class='ocrx_word' id='word_1_62' title='bbox 381 1078 446 1154; x_wconf 89' lang='lat' dir='ltr'>ipso</span> <span class='ocrx_word' id='word_1_63' title='bbox 473 1078 502 1138; x_wconf 84' lang='lat' dir='ltr'>A</span> <span class='ocrx_word' id='word_1_64' title='bbox 527 1078 645 1139; x_wconf 75' lang='lat' dir='ltr'>firmisse</span> <span class='ocrx_word' id='word_1_65' title='bbox 673 1077 861 1151; x_wconf 78' lang='lat' dir='ltr'>contendam,</span> <span class='ocrx_word' id='word_1_66' title='bbox 894 1077 945 1137; x_wconf 91' lang='lat' dir='ltr'>sed</span> <span class='ocrx_word' id='word_1_67' title='bbox 972 1096 1007 1136; x_wconf 91' lang='lat' dir='ltr'>ex</span> <span class='ocrx_word' id='word_1_68' title='bbox 1033 1075 1114 1136; x_wconf 88' lang='lat' dir='ltr'>illius</span> <span class='ocrx_word' id='word_1_69' title='bbox 1143 1077 1242 1135; x_wconf 88' lang='lat' dir='ltr'>arche-</span> 
     </span>
     <span class='ocr_line' id='line_1_10' title="bbox 233 1166 363 1242; baseline -0.015 -16"><span class='ocrx_word' id='word_1_70' title='bbox 233 1169 305 1242; x_wconf 87' lang='lat' dir='ltr'>typo</span> <span class='ocrx_word' id='word_1_71' title='bbox 328 1166 363 1224; x_wconf 88' lang='lat' dir='ltr'>X.</span> 
     </span>
    </p>

    <p class='ocr_par' dir='ltr' id='par_1_4' title="bbox 231 1252 1244 2024">
     <span class='ocr_line' id='line_1_11' title="bbox 299 1252 1242 1331; baseline -0.002 -17"><span class='ocrx_word' id='word_1_72' title='bbox 299 1255 344 1314; x_wconf 83' lang='lat' dir='ltr'>Ex</span> <span class='ocrx_word' id='word_1_73' title='bbox 366 1255 403 1316; x_wconf 88' lang='lat' dir='ltr'>iis</span> <span class='ocrx_word' id='word_1_74' title='bbox 426 1257 534 1330; x_wconf 87' lang='lat' dir='ltr'>autem,</span> <span class='ocrx_word' id='word_1_75' title='bbox 558 1274 633 1331; x_wconf 87' lang='lat' dir='ltr'>quae</span> <span class='ocrx_word' id='word_1_76' title='bbox 655 1255 744 1314; x_wconf 89' lang='lat' dir='ltr'>modo</span> <span class='ocrx_word' id='word_1_77' title='bbox 767 1254 902 1330; x_wconf 87' lang='lat' dir='ltr'>exposui,</span> <span class='ocrx_word' id='word_1_78' title='bbox 930 1254 1064 1329; x_wconf 87' lang='lat' dir='ltr'>sequitur</span> <span class='ocrx_word' id='word_1_79' title='bbox 1086 1252 1174 1313; x_wconf 89' lang='lat' dir='ltr'>huius</span> <span class='ocrx_word' id='word_1_80' title='bbox 1196 1273 1242 1312; x_wconf 90' lang='lat' dir='ltr'>re-</span> 
     </span>
     <span class='ocr_line' id='line_1_12' title="bbox 233 1342 1242 1420; baseline -0.002 -16"><span class='ocrx_word' id='word_1_81' title='bbox 233 1343 378 1404; x_wconf 84' lang='lat' dir='ltr'>censionis</span> <span class='ocrx_word' id='word_1_82' title='bbox 402 1343 515 1404; x_wconf 89' lang='lat' dir='ltr'>codices</span> <span class='ocrx_word' id='word_1_83' title='bbox 537 1343 582 1404; x_wconf 88' lang='lat' dir='ltr'>ita</span> <span class='ocrx_word' id='word_1_84' title='bbox 605 1343 785 1403; x_wconf 90' lang='lat' dir='ltr'>adhibendos</span> <span class='ocrx_word' id='word_1_85' title='bbox 809 1361 885 1418; x_wconf 84' lang='lat' dir='ltr'>esse,</span> <span class='ocrx_word' id='word_1_86' title='bbox 912 1346 947 1402; x_wconf 91' lang='lat' dir='ltr'>ut</span> <span class='ocrx_word' id='word_1_87' title='bbox 969 1342 1076 1402; x_wconf 89' lang='lat' dir='ltr'>ducem</span> <span class='ocrx_word' id='word_1_88' title='bbox 1097 1343 1242 1420; x_wconf 87' lang='lat' dir='ltr'>eligamus</span> 
     </span>
     <span class='ocr_line' id='line_1_13' title="bbox 232 1430 1243 1508; baseline -0.003 -16"><span class='ocrx_word' id='word_1_89' title='bbox 232 1430 428 1492; x_wconf 85' lang='lat' dir='ltr'>Barbarinum</span> <span class='ocrx_word' id='word_1_90' title='bbox 450 1451 523 1493; x_wconf 84' lang='lat' dir='ltr'>neve</span> <span class='ocrx_word' id='word_1_91' title='bbox 546 1432 640 1492; x_wconf 88' lang='lat' dir='ltr'>alium</span> <span class='ocrx_word' id='word_1_92' title='bbox 661 1433 854 1508; x_wconf 88' lang='lat' dir='ltr'>respiciamus</span> <span class='ocrx_word' id='word_1_93' title='bbox 877 1432 935 1491; x_wconf 90' lang='lat' dir='ltr'>nisi</span> <span class='ocrx_word' id='word_1_94' title='bbox 961 1450 1020 1508; x_wconf 90' lang='lat' dir='ltr'>quo</span> <span class='ocrx_word' id='word_1_95' title='bbox 1042 1431 1108 1490; x_wconf 90' lang='lat' dir='ltr'>loco</span> <span class='ocrx_word' id='word_1_96' title='bbox 1131 1450 1243 1490; x_wconf 90' lang='lat' dir='ltr'>correc-</span> 
     </span>
     <span class='ocr_line' id='line_1_14' title="bbox 232 1519 1242 1597; baseline -0.003 -17"><span class='ocrx_word' id='word_1_97' title='bbox 232 1523 317 1580; x_wconf 82' lang='lat' dir='ltr'>turae</span> <span class='ocrx_word' id='word_1_98' title='bbox 345 1521 490 1597; x_wconf 89' lang='lat' dir='ltr'>qnaedam</span> <span class='ocrx_word' id='word_1_99' title='bbox 517 1540 535 1580; x_wconf 91' lang='lat' dir='ltr'>a</span> <span class='ocrx_word' id='word_1_100' title='bbox 562 1541 632 1582; x_wconf 87' lang='lat' dir='ltr'>vero</span> <span class='ocrx_word' id='word_1_101' title='bbox 663 1520 744 1582; x_wconf 88' lang='lat' dir='ltr'>haud</span> <span class='ocrx_word' id='word_1_102' title='bbox 773 1521 943 1581; x_wconf 87' lang='lat' dir='ltr'>aberrantes</span> <span class='ocrx_word' id='word_1_103' title='bbox 973 1523 1178 1597; x_wconf 86' lang='lat' dir='ltr'>proponantur</span> <span class='ocrx_word' id='word_1_104' title='bbox 1205 1519 1242 1578; x_wconf 91' lang='lat' dir='ltr'>ab</span> 
     </span>
     <span class='ocr_line' id='line_1_15' title="bbox 232 1608 1244 1688; baseline -0.002 -20"><span class='ocrx_word' id='word_1_105' title='bbox 232 1608 312 1688; x_wconf 83' lang='lat' dir='ltr'>A,B.</span> <span class='ocrx_word' id='word_1_106' title='bbox 356 1609 508 1686; x_wconf 86' lang='lat' dir='ltr'>incapite</span> <span class='ocrx_word' id='word_1_107' title='bbox 531 1629 610 1684; x_wconf 87' lang='lat' dir='ltr'>vero,</span> <span class='ocrx_word' id='word_1_108' title='bbox 633 1611 713 1687; x_wconf 89' lang='lat' dir='ltr'>quod</span> <span class='ocrx_word' id='word_1_109' title='bbox 740 1609 775 1670; x_wconf 91' lang='lat' dir='ltr'>de</span> <span class='ocrx_word' id='word_1_110' title='bbox 799 1609 862 1669; x_wconf 88' lang='lat' dir='ltr'>Nili</span> <span class='ocrx_word' id='word_1_111' title='bbox 891 1609 1073 1668; x_wconf 89' lang='lat' dir='ltr'>incremento</span> <span class='ocrx_word' id='word_1_112' title='bbox 1097 1608 1244 1683; x_wconf 86' lang='lat' dir='ltr'>conscrip-</span> 
     </span>
     <span class='ocr_line' id='line_1_16' title="bbox 231 1697 1242 1775; baseline -0.003 -17"><span class='ocrx_word' id='word_1_113' title='bbox 231 1700 297 1758; x_wconf 84' lang='lat' dir='ltr'>tum</span> <span class='ocrx_word' id='word_1_114' title='bbox 319 1701 373 1774; x_wconf 86' lang='lat' dir='ltr'>est,</span> <span class='ocrx_word' id='word_1_115' title='bbox 400 1698 639 1775; x_wconf 89' lang='lat' dir='ltr'>perpendendum</span> <span class='ocrx_word' id='word_1_116' title='bbox 660 1698 745 1758; x_wconf 89' lang='lat' dir='ltr'>nobis</span> <span class='ocrx_word' id='word_1_117' title='bbox 770 1697 827 1757; x_wconf 90' lang='lat' dir='ltr'>erit</span> <span class='ocrx_word' id='word_1_118' title='bbox 849 1698 881 1756; x_wconf 91' lang='lat' dir='ltr'>in</span> <span class='ocrx_word' id='word_1_119' title='bbox 902 1716 1082 1773; x_wconf 88' lang='lat' dir='ltr'>unaquaque</span> <span class='ocrx_word' id='word_1_120' title='bbox 1104 1697 1242 1771; x_wconf 88' lang='lat' dir='ltr'>lectione,</span> 
     </span>
     <span class='ocr_line' id='line_1_17' title="bbox 232 1785 1242 1864; baseline 0 -20"><span class='ocrx_word' id='word_1_121' title='bbox 232 1788 332 1844; x_wconf 90' lang='lat' dir='ltr'>utrum</span> <span class='ocrx_word' id='word_1_122' title='bbox 355 1786 392 1846; x_wconf 95' lang='lat' dir='ltr'>ab</span> <span class='ocrx_word' id='word_1_123' title='bbox 410 1787 439 1846; x_wconf 81' lang='lat' dir='ltr'>A</span> <span class='ocrx_word' id='word_1_124' title='bbox 461 1806 501 1846; x_wconf 87' lang='lat' dir='ltr'>an</span> <span class='ocrx_word' id='word_1_125' title='bbox 519 1805 538 1845; x_wconf 90' lang='lat' dir='ltr'>a</span> <span class='ocrx_word' id='word_1_126' title='bbox 556 1787 580 1845; x_wconf 84' lang='lat' dir='ltr'>T</span> <span class='ocrx_word' id='word_1_127' title='bbox 603 1787 721 1864; x_wconf 85' lang='lat' dir='ltr'>integra</span> <span class='ocrx_word' id='word_1_128' title='bbox 744 1789 862 1846; x_wconf 88' lang='lat' dir='ltr'>servata</span> <span class='ocrx_word' id='word_1_129' title='bbox 885 1785 946 1846; x_wconf 88' lang='lat' dir='ltr'>sint</span> <span class='ocrx_word' id='word_1_130' title='bbox 962 1785 1119 1846; x_wconf 89' lang='lat' dir='ltr'>Laurentii</span> <span class='ocrx_word' id='word_1_131' title='bbox 1139 1785 1242 1859; x_wconf 83' lang='lat' dir='ltr'>verba3</span> 
     </span>
     <span class='ocr_line' id='line_1_18' title="bbox 231 1874 1242 1953; baseline 0.001 -21"><span class='ocrx_word' id='word_1_132' title='bbox 231 1894 327 1952; x_wconf 91' lang='lat' dir='ltr'>neque</span> <span class='ocrx_word' id='word_1_133' title='bbox 350 1875 430 1952; x_wconf 89' lang='lat' dir='ltr'>quod</span> <span class='ocrx_word' id='word_1_134' title='bbox 451 1875 484 1933; x_wconf 93' lang='lat' dir='ltr'>in</span> <span class='ocrx_word' id='word_1_135' title='bbox 506 1875 602 1935; x_wconf 90' lang='lat' dir='ltr'>lucem</span> <span class='ocrx_word' id='word_1_136' title='bbox 623 1895 684 1935; x_wconf 88' lang='lat' dir='ltr'>non</span> <span class='ocrx_word' id='word_1_137' title='bbox 705 1875 857 1934; x_wconf 91' lang='lat' dir='ltr'>redierunt</span> <span class='ocrx_word' id='word_1_138' title='bbox 879 1874 1053 1953; x_wconf 84' lang='lat' dir='ltr'>apographa</span> <span class='ocrx_word' id='word_1_139' title='bbox 1079 1875 1133 1933; x_wconf 88' lang='lat' dir='ltr'>illa</span> <span class='ocrx_word' id='word_1_140' title='bbox 1157 1874 1242 1934; x_wconf 85' lang='lat' dir='ltr'>Alla-</span> 
     </span>
     <span class='ocr_line' id='line_1_19' title="bbox 232 1962 1187 2024; baseline -0.001 -2"><span class='ocrx_word' id='word_1_141' title='bbox 232 1963 348 2024; x_wconf 86' lang='lat' dir='ltr'>tianum</span> <span class='ocrx_word' id='word_1_142' title='bbox 370 1963 569 2024; x_wconf 87' lang='lat' dir='ltr'>Marinianum</span> <span class='ocrx_word' id='word_1_143' title='bbox 591 1962 822 2024; x_wconf 84' lang='lat' dir='ltr'>Lambecianum</span> <span class='ocrx_word' id='word_1_144' title='bbox 843 1963 994 2022; x_wconf 90' lang='lat' dir='ltr'>Iulianum</span> <span class='ocrx_word' id='word_1_145' title='bbox 1016 1963 1187 2024; x_wconf 88' lang='lat' dir='ltr'>dolebimus.</span> 
     </span>
    </p>
   </div>
   <div class='ocr_carea' id='block_1_4' title="bbox 104 2051 1244 2129">
    <p class='ocr_par' dir='ltr' id='par_1_5' title="bbox 104 2051 1244 2129">
     <span class='ocr_line' id='line_1_20' title="bbox 104 2051 1244 2129; baseline 0.008 -26"><span class='ocrx_word' id='word_1_146' title='bbox 104 2062 222 2104; x_wconf 48' lang='lat' dir='ltr'>euna</span> <span class='ocrx_word' id='word_1_147' title='bbox 303 2052 367 2112; x_wconf 87' lang='lat' dir='ltr'>Iam</span> <span class='ocrx_word' id='word_1_148' title='bbox 390 2070 439 2128; x_wconf 87' lang='lat' dir='ltr'>ee,</span> <span class='ocrx_word' id='word_1_149' title='bbox 467 2070 542 2128; x_wconf 88' lang='lat' dir='ltr'>quae</span> <span class='ocrx_word' id='word_1_150' title='bbox 569 2051 605 2112; x_wconf 89' lang='lat' dir='ltr'>de</span> <span class='ocrx_word' id='word_1_151' title='bbox 629 2051 776 2112; x_wconf 76' lang='lat' dir='ltr'>codicibus</span> <span class='ocrx_word' id='word_1_152' title='bbox 804 2051 989 2129; x_wconf 88' lang='lat' dir='ltr'>expositurus</span> <span class='ocrx_word' id='word_1_153' title='bbox 1016 2071 1111 2127; x_wconf 88' lang='lat' dir='ltr'>eram,</span> <span class='ocrx_word' id='word_1_154' title='bbox 1138 2052 1244 2128; x_wconf 88' lang='lat' dir='ltr'>quibus</span> 
     </span>
    </p>
   </div>
   <div class='ocr_carea' id='block_1_5' title="bbox 233 2140 1244 2660">
    <p class='ocr_par' dir='ltr' id='par_1_6' title="bbox 233 2140 1244 2660">
     <span class='ocr_line' id='line_1_21' title="bbox 233 2140 1243 2219; baseline 0.001 -20"><span class='ocrx_word' id='word_1_155' title='bbox 233 2141 401 2219; x_wconf 81' lang='lat' dir='ltr'>fragmenta</span> <span class='ocrx_word' id='word_1_156' title='bbox 415 2141 543 2216; x_wconf 86' lang='lat' dir='ltr'>Lydiani</span> <span class='ocrx_word' id='word_1_157' title='bbox 562 2141 597 2200; x_wconf 91' lang='lat' dir='ltr'>de</span> <span class='ocrx_word' id='word_1_158' title='bbox 616 2140 765 2200; x_wconf 87' lang='lat' dir='ltr'>mensibus</span> <span class='ocrx_word' id='word_1_159' title='bbox 779 2140 849 2201; x_wconf 89' lang='lat' dir='ltr'>libri</span> <span class='ocrx_word' id='word_1_160' title='bbox 864 2144 984 2201; x_wconf 83' lang='lat' dir='ltr'>servata</span> <span class='ocrx_word' id='word_1_161' title='bbox 1001 2143 1080 2215; x_wconf 88' lang='lat' dir='ltr'>sunt,</span> <span class='ocrx_word' id='word_1_162' title='bbox 1098 2141 1137 2200; x_wconf 87' lang='lat' dir='ltr'>ad</span> <span class='ocrx_word' id='word_1_163' title='bbox 1154 2141 1243 2200; x_wconf 85' lang='lat' dir='ltr'>finem</span> 
     </span>
     <span class='ocr_line' id='line_1_22' title="bbox 233 2229 1242 2308; baseline 0.002 -20"><span class='ocrx_word' id='word_1_164' title='bbox 233 2229 369 2308; x_wconf 90' lang='lat' dir='ltr'>perduxi;</span> <span class='ocrx_word' id='word_1_165' title='bbox 396 2229 514 2289; x_wconf 84' lang='lat' dir='ltr'>brevius</span> <span class='ocrx_word' id='word_1_166' title='bbox 537 2230 568 2289; x_wconf 94' lang='lat' dir='ltr'>id</span> <span class='ocrx_word' id='word_1_167' title='bbox 596 2231 675 2306; x_wconf 90' lang='lat' dir='ltr'>quod</span> <span class='ocrx_word' id='word_1_168' title='bbox 704 2229 839 2306; x_wconf 90' lang='lat' dir='ltr'>sequitur</span> <span class='ocrx_word' id='word_1_169' title='bbox 861 2233 951 2306; x_wconf 89' lang='lat' dir='ltr'>caput</span> <span class='ocrx_word' id='word_1_170' title='bbox 973 2229 1031 2290; x_wconf 91' lang='lat' dir='ltr'>erit</span> <span class='ocrx_word' id='word_1_171' title='bbox 1053 2229 1089 2288; x_wconf 90' lang='lat' dir='ltr'>de</span> <span class='ocrx_word' id='word_1_172' title='bbox 1112 2229 1242 2290; x_wconf 91' lang='lat' dir='ltr'>editio-</span> 
     </span>
     <span class='ocr_line' id='line_1_23' title="bbox 233 2317 1244 2395; baseline 0.002 -19"><span class='ocrx_word' id='word_1_173' title='bbox 233 2318 346 2378; x_wconf 89' lang='lat' dir='ltr'>nibus.</span> <span class='ocrx_word' id='word_1_174' title='bbox 391 2338 487 2395; x_wconf 90' lang='lat' dir='ltr'>neque</span> <span class='ocrx_word' id='word_1_175' title='bbox 506 2321 551 2378; x_wconf 87' lang='lat' dir='ltr'>est</span> <span class='ocrx_word' id='word_1_176' title='bbox 574 2336 626 2378; x_wconf 89' lang='lat' dir='ltr'>cur</span> <span class='ocrx_word' id='word_1_177' title='bbox 647 2337 762 2379; x_wconf 88' lang='lat' dir='ltr'>moram</span> <span class='ocrx_word' id='word_1_178' title='bbox 783 2318 928 2380; x_wconf 87' lang='lat' dir='ltr'>faciamus</span> <span class='ocrx_word' id='word_1_179' title='bbox 950 2318 982 2378; x_wconf 89' lang='lat' dir='ltr'>in</span> <span class='ocrx_word' id='word_1_180' title='bbox 1004 2317 1112 2380; x_wconf 84' lang='lat' dir='ltr'>Leonis</span> <span class='ocrx_word' id='word_1_181' title='bbox 1133 2318 1244 2378; x_wconf 88' lang='lat' dir='ltr'>Allatii</span> 
     </span>
     <span class='ocr_line' id='line_1_24' title="bbox 234 2406 1243 2484; baseline 0.002 -20"><span class='ocrx_word' id='word_1_182' title='bbox 234 2410 264 2466; x_wconf 91' lang='lat' dir='ltr'>et</span> <span class='ocrx_word' id='word_1_183' title='bbox 281 2406 401 2484; x_wconf 85' lang='lat' dir='ltr'>Iosephi</span> <span class='ocrx_word' id='word_1_184' title='bbox 419 2407 454 2465; x_wconf 90' lang='lat' dir='ltr'>de</span> <span class='ocrx_word' id='word_1_185' title='bbox 472 2407 565 2483; x_wconf 88' lang='lat' dir='ltr'>Iuliis,</span> <span class='ocrx_word' id='word_1_186' title='bbox 589 2425 663 2483; x_wconf 90' lang='lat' dir='ltr'>quos</span> <span class='ocrx_word' id='word_1_187' title='bbox 680 2407 768 2468; x_wconf 92' lang='lat' dir='ltr'>modo</span> <span class='ocrx_word' id='word_1_188' title='bbox 787 2407 1089 2481; x_wconf 79' lang='lat' dir='ltr'>commemoravimus,</span> <span class='ocrx_word' id='word_1_189' title='bbox 1111 2407 1243 2466; x_wconf 88' lang='lat' dir='ltr'>consiliis</span> 
     </span>
     <span class='ocr_line' id='line_1_25' title="bbox 234 2494 1241 2572; baseline 0 -18"><span class='ocrx_word' id='word_1_190' title='bbox 234 2495 303 2556; x_wconf 86' lang='lat' dir='ltr'>libri</span> <span class='ocrx_word' id='word_1_191' title='bbox 326 2496 362 2555; x_wconf 94' lang='lat' dir='ltr'>de</span> <span class='ocrx_word' id='word_1_192' title='bbox 384 2495 532 2556; x_wconf 90' lang='lat' dir='ltr'>mensibus</span> <span class='ocrx_word' id='word_1_193' title='bbox 557 2494 671 2570; x_wconf 89' lang='lat' dir='ltr'>edendi,</span> <span class='ocrx_word' id='word_1_194' title='bbox 697 2496 837 2572; x_wconf 88' lang='lat' dir='ltr'>quoniam</span> <span class='ocrx_word' id='word_1_195' title='bbox 860 2495 898 2555; x_wconf 92' lang='lat' dir='ltr'>ad</span> <span class='ocrx_word' id='word_1_196' title='bbox 920 2496 1039 2556; x_wconf 89' lang='lat' dir='ltr'>irritum</span> <span class='ocrx_word' id='word_1_197' title='bbox 1061 2495 1241 2569; x_wconf 84' lang='lat' dir='ltr'>ceciderunt3</span> 
     </span>
     <span class='ocr_line' id='line_1_26' title="bbox 233 2583 1242 2660; baseline -0.001 -16"><span class='ocrx_word' id='word_1_198' title='bbox 233 2583 323 2644; x_wconf 89' lang='lat' dir='ltr'>immo</span> <span class='ocrx_word' id='word_1_199' title='bbox 347 2585 449 2646; x_wconf 87' lang='lat' dir='ltr'>statim</span> <span class='ocrx_word' id='word_1_200' title='bbox 472 2587 657 2646; x_wconf 85' lang='lat' dir='ltr'>transeamus</span> <span class='ocrx_word' id='word_1_201' title='bbox 680 2584 719 2644; x_wconf 91' lang='lat' dir='ltr'>ad</span> <span class='ocrx_word' id='word_1_202' title='bbox 742 2604 817 2660; x_wconf 88' lang='lat' dir='ltr'>eum,</span> <span class='ocrx_word' id='word_1_203' title='bbox 841 2584 922 2644; x_wconf 88' lang='lat' dir='ltr'>cuius</span> <span class='ocrx_word' id='word_1_204' title='bbox 945 2584 1069 2644; x_wconf 86' lang='lat' dir='ltr'>schedae</span> <span class='ocrx_word' id='word_1_205' title='bbox 1090 2585 1242 2660; x_wconf 87' lang='lat' dir='ltr'>Lydianae</span> 
     </span>
    </p>
   </div>
   <div class='ocr_carea' id='block_1_6' title="bbox 128 2671 1243 2760">
    <p class='ocr_par' dir='ltr' id='par_1_7' title="bbox 128 2671 1243 2760">
     <span class='ocr_line' id='line_1_27' title="bbox 128 2671 1243 2760; baseline 0 -28"><span class='ocrx_word' id='word_1_206' title='bbox 128 2678 215 2760; x_wconf 36' lang='lat'><strong>53⁸⁰·</strong></span> <span class='ocrx_word' id='word_1_207' title='bbox 236 2671 350 2749; x_wconf 83' lang='lat' dir='ltr'>primae</span> <span class='ocrx_word' id='word_1_208' title='bbox 386 2672 418 2731; x_wconf 93' lang='lat' dir='ltr'>in</span> <span class='ocrx_word' id='word_1_209' title='bbox 454 2674 549 2733; x_wconf 89' lang='lat' dir='ltr'>lucem</span> <span class='ocrx_word' id='word_1_210' title='bbox 585 2672 774 2749; x_wconf 85' lang='lat' dir='ltr'>prodierunt,</span> <span class='ocrx_word' id='word_1_211' title='bbox 810 2672 1001 2733; x_wconf 85' lang='lat' dir='ltr'>Nicolaum</span> <span class='ocrx_word' id='word_1_212' title='bbox 1037 2672 1243 2734; x_wconf 81' lang='lat' dir='ltr'>Schowium</span> 
     </span>
    </p>
   </div>
   <div class='ocr_carea' id='block_1_7' title="bbox 209 2760 1245 3725">
    <p class='ocr_par' dir='ltr' id='par_1_8' title="bbox 209 2760 1245 3725">
     <span class='ocr_line' id='line_1_28' title="bbox 237 2760 1244 2840; baseline 0 -20"><span class='ocrx_word' id='word_1_213' title='bbox 237 2762 319 2821; x_wconf 87' lang='lat' dir='ltr'>cuius</span> <span class='ocrx_word' id='word_1_214' title='bbox 343 2760 480 2822; x_wconf 73' lang='lat' dir='ltr'>editionis</span> <span class='ocrx_word' id='word_1_215' title='bbox 503 2763 568 2822; x_wconf 83' lang='lat' dir='ltr'>fata</span> <span class='ocrx_word' id='word_1_216' title='bbox 594 2762 621 2821; x_wconf 91' lang='lat' dir='ltr'>si</span> <span class='ocrx_word' id='word_1_217' title='bbox 642 2780 814 2840; x_wconf 87' lang='lat' dir='ltr'>pernoscere</span> <span class='ocrx_word' id='word_1_218' title='bbox 841 2762 929 2837; x_wconf 85' lang='lat' dir='ltr'>velis,</span> <span class='ocrx_word' id='word_1_219' title='bbox 956 2761 1041 2821; x_wconf 89' lang='lat' dir='ltr'>Hasii</span> <span class='ocrx_word' id='word_1_220' title='bbox 1064 2764 1244 2822; x_wconf 89' lang='lat' dir='ltr'>commenta·</span> 
     </span>
     <span class='ocr_line' id='line_1_29' title="bbox 233 2849 1243 2927; baseline 0.001 -19"><span class='ocrx_word' id='word_1_221' title='bbox 233 2851 311 2908; x_wconf 90' lang='lat' dir='ltr'>rium</span> <span class='ocrx_word' id='word_1_222' title='bbox 334 2851 423 2910; x_wconf 85' lang='lat' dir='ltr'>adeas</span> <span class='ocrx_word' id='word_1_223' title='bbox 447 2869 566 2927; x_wconf 90' lang='lat' dir='ltr'>quaeso,</span> <span class='ocrx_word' id='word_1_224' title='bbox 589 2851 641 2927; x_wconf 90' lang='lat' dir='ltr'>qui</span> <span class='ocrx_word' id='word_1_225' title='bbox 660 2869 694 2909; x_wconf 91' lang='lat' dir='ltr'>ea</span> <span class='ocrx_word' id='word_1_226' title='bbox 713 2851 806 2910; x_wconf 89' lang='lat' dir='ltr'>fusius</span> <span class='ocrx_word' id='word_1_227' title='bbox 824 2850 959 2910; x_wconf 83' lang='lat' dir='ltr'>narravit</span> <span class='ocrx_word' id='word_1_228' title='bbox 981 2871 1009 2926; x_wconf 95' lang='lat' dir='ltr'>p.</span> <span class='ocrx_word' id='word_1_229' title='bbox 1027 2849 1081 2909; x_wconf 90' lang='lat' dir='ltr'>LV</span> <span class='ocrx_word' id='word_1_230' title='bbox 1091 2869 1167 2927; x_wconf 85' lang='lat' dir='ltr'>sqq.;</span> <span class='ocrx_word' id='word_1_231' title='bbox 1192 2850 1243 2910; x_wconf 89' lang='lat' dir='ltr'>ad·</span> 
     </span>
     <span class='ocr_line' id='line_1_30' title="bbox 233 2938 1244 3016; baseline 0.001 -19"><span class='ocrx_word' id='word_1_232' title='bbox 233 2939 322 3000; x_wconf 90' lang='lat' dir='ltr'>hibiti</span> <span class='ocrx_word' id='word_1_233' title='bbox 349 2942 450 3000; x_wconf 89' lang='lat' dir='ltr'>autem</span> <span class='ocrx_word' id='word_1_234' title='bbox 476 2942 563 2999; x_wconf 89' lang='lat' dir='ltr'>erent</span> <span class='ocrx_word' id='word_1_235' title='bbox 589 2958 607 2998; x_wconf 93' lang='lat' dir='ltr'>a</span> <span class='ocrx_word' id='word_1_236' title='bbox 635 2939 769 2999; x_wconf 85' lang='lat' dir='ltr'>Schowio</span> <span class='ocrx_word' id='word_1_237' title='bbox 799 2938 889 2999; x_wconf 89' lang='lat' dir='ltr'>codex</span> <span class='ocrx_word' id='word_1_238' title='bbox 916 2938 1095 3000; x_wconf 84' lang='lat' dir='ltr'>Barbarinus</span> <span class='ocrx_word' id='word_1_239' title='bbox 1122 2939 1244 3016; x_wconf 89' lang='lat' dir='ltr'>eiusque</span> 
     </span>
     <span class='ocr_line' id='line_1_31' title="bbox 233 3026 1243 3108; baseline -0.002 -20"><span class='ocrx_word' id='word_1_240' title='bbox 233 3029 439 3108; x_wconf 82' lang='lat' dir='ltr'>apographum</span> <span class='ocrx_word' id='word_1_241' title='bbox 465 3028 678 3104; x_wconf 88' lang='lat' dir='ltr'>Marinianum,</span> <span class='ocrx_word' id='word_1_242' title='bbox 712 3031 741 3087; x_wconf 90' lang='lat' dir='ltr'>et</span> <span class='ocrx_word' id='word_1_243' title='bbox 772 3027 949 3088; x_wconf 88' lang='lat' dir='ltr'>recensionis</span> <span class='ocrx_word' id='word_1_244' title='bbox 976 3026 1146 3086; x_wconf 88' lang='lat' dir='ltr'>Planudeae</span> <span class='ocrx_word' id='word_1_245' title='bbox 1173 3028 1243 3088; x_wconf 87' lang='lat' dir='ltr'>Vat.</span> 
     </span>
     <span class='ocr_line' id='line_1_32' title="bbox 232 3116 1243 3194; baseline -0.001 -17"><span class='ocrx_word' id='word_1_246' title='bbox 232 3118 296 3177; x_wconf 91' lang='lat' dir='ltr'>Pal.</span> <span class='ocrx_word' id='word_1_247' title='bbox 318 3119 394 3176; x_wconf 83' lang='lat'>141:</span> <span class='ocrx_word' id='word_1_248' title='bbox 421 3116 574 3194; x_wconf 83' lang='lat' dir='ltr'>utriusque</span> <span class='ocrx_word' id='word_1_249' title='bbox 601 3135 671 3177; x_wconf 81' lang='lat' dir='ltr'>vero</span> <span class='ocrx_word' id='word_1_250' title='bbox 700 3117 878 3176; x_wconf 90' lang='lat' dir='ltr'>recensionis</span> <span class='ocrx_word' id='word_1_251' title='bbox 904 3116 1086 3194; x_wconf 82' lang='lat' dir='ltr'>paragraphi</span> <span class='ocrx_word' id='word_1_252' title='bbox 1112 3117 1191 3176; x_wconf 89' lang='lat' dir='ltr'>inter</span> <span class='ocrx_word' id='word_1_253' title='bbox 1213 3135 1243 3176; x_wconf 90' lang='lat' dir='ltr'>se</span> 
     </span>
     <span class='ocr_line' id='line_1_33' title="bbox 234 3205 1245 3282; baseline -0.002 -16"><span class='ocrx_word' id='word_1_254' title='bbox 234 3205 386 3267; x_wconf 88' lang='lat' dir='ltr'>conciliari</span> <span class='ocrx_word' id='word_1_255' title='bbox 408 3209 528 3282; x_wconf 88' lang='lat' dir='ltr'>coeptae</span> <span class='ocrx_word' id='word_1_256' title='bbox 552 3208 650 3278; x_wconf 90' lang='lat' dir='ltr'>erant,</span> <span class='ocrx_word' id='word_1_257' title='bbox 678 3206 729 3264; x_wconf 90' lang='lat' dir='ltr'>sed</span> <span class='ocrx_word' id='word_1_258' title='bbox 750 3205 957 3281; x_wconf 84' lang='lat' dir='ltr'>imperfectum</span> <span class='ocrx_word' id='word_1_259' title='bbox 980 3224 1053 3281; x_wconf 91' lang='lat' dir='ltr'>opus</span> <span class='ocrx_word' id='word_1_260' title='bbox 1082 3206 1245 3281; x_wconf 88' lang='lat' dir='ltr'>reliquerat</span> 
     </span>
     <span class='ocr_line' id='line_1_34' title="bbox 234 3293 1243 3372; baseline -0.001 -18"><span class='ocrx_word' id='word_1_261' title='bbox 234 3295 339 3370; x_wconf 89' lang='lat' dir='ltr'>editor,</span> <span class='ocrx_word' id='word_1_262' title='bbox 353 3293 462 3372; x_wconf 89' lang='lat' dir='ltr'>quippe</span> <span class='ocrx_word' id='word_1_263' title='bbox 476 3294 529 3371; x_wconf 87' lang='lat' dir='ltr'>qui</span> <span class='ocrx_word' id='word_1_264' title='bbox 541 3295 711 3372; x_wconf 79' lang='lat' dir='ltr'>fragmenta</span> <span class='ocrx_word' id='word_1_265' title='bbox 723 3294 791 3352; x_wconf 91' lang='lat' dir='ltr'>libri</span> <span class='ocrx_word' id='word_1_266' title='bbox 808 3294 908 3370; x_wconf 86' lang='lat' dir='ltr'>quarti</span> <span class='ocrx_word' id='word_1_267' title='bbox 920 3314 974 3370; x_wconf 87' lang='lat' dir='ltr'>per</span> <span class='ocrx_word' id='word_1_268' title='bbox 988 3294 1117 3354; x_wconf 88' lang='lat' dir='ltr'>codicem</span> <span class='ocrx_word' id='word_1_269' title='bbox 1129 3294 1243 3353; x_wconf 90' lang='lat' dir='ltr'>Palati·</span> 
     </span>
     <span class='ocr_line' id='line_1_35' title="bbox 233 3383 1243 3459; baseline 0.001 -18"><span class='ocrx_word' id='word_1_270' title='bbox 233 3404 305 3444; x_wconf 91' lang='lat' dir='ltr'>num</span> <span class='ocrx_word' id='word_1_271' title='bbox 319 3387 437 3444; x_wconf 86' lang='lat' dir='ltr'>servata</span> <span class='ocrx_word' id='word_1_272' title='bbox 450 3383 481 3442; x_wconf 88' lang='lat' dir='ltr'>in</span> <span class='ocrx_word' id='word_1_273' title='bbox 495 3383 553 3444; x_wconf 89' lang='lat' dir='ltr'>fine</span> <span class='ocrx_word' id='word_1_274' title='bbox 566 3383 636 3444; x_wconf 91' lang='lat' dir='ltr'>libri</span> <span class='ocrx_word' id='word_1_275' title='bbox 649 3383 732 3442; x_wconf 90' lang='lat' dir='ltr'>tertii</span> <span class='ocrx_word' id='word_1_276' title='bbox 746 3383 795 3442; x_wconf 92' lang='lat' dir='ltr'>edi</span> <span class='ocrx_word' id='word_1_277' title='bbox 806 3383 940 3444; x_wconf 87' lang='lat' dir='ltr'>iussisset</span> <span class='ocrx_word' id='word_1_278' title='bbox 954 3402 1049 3459; x_wconf 88' lang='lat' dir='ltr'>neque</span> <span class='ocrx_word' id='word_1_279' title='bbox 1064 3383 1243 3459; x_wconf 90' lang='lat' dir='ltr'>composuis-</span> 
     </span>
     <span class='ocr_line' id='line_1_36' title="bbox 234 3471 1243 3548; baseline 0.002 -19"><span class='ocrx_word' id='word_1_280' title='bbox 234 3475 279 3530; x_wconf 88' lang='lat' dir='ltr'>set</span> <span class='ocrx_word' id='word_1_281' title='bbox 298 3491 364 3530; x_wconf 92' lang='lat' dir='ltr'>cum</span> <span class='ocrx_word' id='word_1_282' title='bbox 378 3472 511 3532; x_wconf 89' lang='lat' dir='ltr'>codicum</span> <span class='ocrx_word' id='word_1_283' title='bbox 523 3473 550 3530; x_wconf 91' lang='lat' dir='ltr'>X</span> <span class='ocrx_word' id='word_1_284' title='bbox 563 3472 640 3530; x_wconf 89' lang='lat' dir='ltr'>libro</span> <span class='ocrx_word' id='word_1_285' title='bbox 655 3476 770 3548; x_wconf 86' lang='lat' dir='ltr'>quarto.</span> <span class='ocrx_word' id='word_1_286' title='bbox 804 3471 989 3545; x_wconf 87' lang='lat' dir='ltr'>lectionibus,</span> <span class='ocrx_word' id='word_1_287' title='bbox 1008 3490 1084 3548; x_wconf 90' lang='lat' dir='ltr'>quae</span> <span class='ocrx_word' id='word_1_288' title='bbox 1099 3474 1152 3531; x_wconf 89' lang='lat' dir='ltr'>aut</span> <span class='ocrx_word' id='word_1_289' title='bbox 1165 3473 1243 3548; x_wconf 90' lang='lat' dir='ltr'>ipso-</span> 
     </span>
     <span class='ocr_line' id='line_1_37' title="bbox 234 3560 1244 3637; baseline 0.001 -20"><span class='ocrx_word' id='word_1_290' title='bbox 234 3580 300 3617; x_wconf 91' lang='lat' dir='ltr'>rum</span> <span class='ocrx_word' id='word_1_291' title='bbox 314 3560 447 3622; x_wconf 88' lang='lat' dir='ltr'>codicum</span> <span class='ocrx_word' id='word_1_292' title='bbox 461 3560 575 3622; x_wconf 89' lang='lat' dir='ltr'>incuria</span> <span class='ocrx_word' id='word_1_293' title='bbox 589 3563 745 3637; x_wconf 87' lang='lat' dir='ltr'>corruptae</span> <span class='ocrx_word' id='word_1_294' title='bbox 759 3562 812 3620; x_wconf 88' lang='lat' dir='ltr'>aut</span> <span class='ocrx_word' id='word_1_295' title='bbox 830 3560 961 3620; x_wconf 85' lang='lat' dir='ltr'>virorum</span> <span class='ocrx_word' id='word_1_296' title='bbox 976 3561 1130 3620; x_wconf 88' lang='lat' dir='ltr'>doctorum</span> <span class='ocrx_word' id='word_1_297' title='bbox 1146 3579 1244 3620; x_wconf 90' lang='lat' dir='ltr'>errore</span> 
     </span>
     <span class='ocr_line' id='line_1_38' title="bbox 209 3647 1245 3725; baseline 0.002 -19"><span class='ocrx_word' id='word_1_298' title='bbox 209 3715 212 3722; x_wconf 34' lang='lat'>,</span> <span class='ocrx_word' id='word_1_299' title='bbox 234 3651 320 3706; x_wconf 87' lang='lat' dir='ltr'>erant</span> <span class='ocrx_word' id='word_1_300' title='bbox 343 3647 532 3724; x_wconf 86' lang='lat' dir='ltr'>depravatae,</span> <span class='ocrx_word' id='word_1_301' title='bbox 554 3649 666 3708; x_wconf 89' lang='lat' dir='ltr'>mederi</span> <span class='ocrx_word' id='word_1_302' title='bbox 689 3649 815 3724; x_wconf 82' lang='lat' dir='ltr'>studuit3</span> <span class='ocrx_word' id='word_1_303' title='bbox 840 3649 945 3725; x_wconf 88' lang='lat' dir='ltr'>quibus</span> <span class='ocrx_word' id='word_1_304' title='bbox 963 3649 1085 3708; x_wconf 85' lang='lat' dir='ltr'>medelis</span> <span class='ocrx_word' id='word_1_305' title='bbox 1104 3649 1155 3708; x_wconf 93' lang='lat' dir='ltr'>ubi</span> <span class='ocrx_word' id='word_1_306' title='bbox 1173 3667 1245 3708; x_wconf 86' lang='lat' dir='ltr'>usus</span> 
     </span>
    </p>
   </div>
   <div class='ocr_carea' id='block_1_8' title="bbox 0 0 1398 4222">
    <p class='ocr_par' dir='ltr' id='par_1_9' title="bbox 0 0 1398 4222">
     <span class='ocr_line' id='line_1_39' title="bbox 0 0 1398 4222; baseline 0 0"><span class='ocrx_word' id='word_1_307' title='bbox 0 0 1398 4222; x_wconf 95' lang='lat' dir='ltr'> </span> 
     </span>
    </p>
   </div>
  </div>
 </body>
</html>
