2790 4214
233 292 276 356 96
494 287 602 345 BIBER
621 290 796 356 QUARTUS.
825 291 987 347 MARTIUS

202 465 294 521 θτοῦ
313 455 416 521 αὐτοῦ
435 457 551 538 λόγου·
571 455 734 539 “σημαίνει
754 461 795 502 2-
814 457 922 539 ηγουν
940 457 979 521 τά
1001 457 1104 542 ἀστρα
1123 495 1165 502 -
1184 453 1245 541 μέν

234 557 296 628 οὖν
318 563 425 627 πάντα
448 561 510 626 ὅσα
533 561 570 626 έν
593 563 753 650 αίσθητςό,
776 573 865 628 ποιεῖ
889 559 925 628 δὲ
947 565 1040 647 ἀλλα,
1063 563 1125 628 ὅσα
1144 587 1244 648 φανε-
1295 615 1298 622 .

233 680 299 753 ρῶς
320 678 421 733 ποιεί·
444 667 537 752 ἡμεῖς
560 664 598 732 δὲ
620 678 727 752 ψυχῆς
749 671 831 753 ἔργα
847 671 929 734 κατὰ
950 670 1054 754 φύσιν
1070 678 1243 754 ποιοῦμεν,

232 773 294 851 ἕως
316 775 360 858 μὴ
384 774 572 859 έσφάλημεν
595 774 632 839 έν
654 783 700 862 τῷ
721 778 845 859 πλήθει
863 784 924 840 τοῦ
942 778 1077 853 παντός·
1101 774 1244 861 σφαλέν-

208 905 286 958 ιτες
309 877 346 945 δὲ
369 883 487 965 ἔχομεν
510 881 627 965 όίκην.’

298 988 349 1052 38.
359 986 430 1052 Ὅτι
447 989 491 1064 ὡς
500 988 600 1065 αὐτός
609 1006 691 1074 φησι
701 993 888 1065 Πλωτίνος·
903 985 1073 1055 *Πλάτωνι
1088 985 1124 1053 δέ
1138 989 1156 1054 ὁ
1171 997 1292 1054 deesfflr

233 1093 392 1179 ἀτρακτός
420 1093 488 1159 ἐστι
515 1097 553 1159 τό
576 1118 612 1159 τε
638 1096 856 1178 πλανώμενον
883 1093 938 1160 καὶ
961 1096 998 1160 τὸ
1022 1091 1165 1172 ἀπλανὲς
1187 1105 1242 1180 τῆς

230 1210 427 1285 περιφορᾶς·
458 1199 514 1266 καὶ
546 1202 580 1265 αἱ
607 1205 737 1287 Μοῖραι
769 1197 806 1265 ἀὲ
838 1199 893 1266 καὶ
924 1199 1111 1284 ηἈνάγκη
1139 1204 1239 1286 μήτηρ

232 1302 315 1372 οὖσα
333 1305 514 1392 στρέφουσι
531 1305 587 1372 καὶ
606 1307 643 1372 έν
661 1317 700 1394 τῇ
719 1307 845 1390 γενέσει
864 1306 1003 1374 ἑκάστου
1018 1307 1235 1374 ἐπικλώθουσι

192 1439 219 1480 10
231 1412 286 1478 καὶ
308 1412 352 1478 δι’
376 1413 477 1498 αὐτῆς
500 1409 586 1479 εἶσιν
613 1416 660 1491 είς
686 1413 818 1498 γένεσιν
844 1417 885 1480 τά
912 1416 1115 1499 γεννώμενα·
1141 1417 1176 1478 ἕν
1200 1435 1234 1477 τε

235 1524 359 1609 Τιμαίῳ
382 1522 462 1597 θεὸς
484 1516 546 1605 μὲν
568 1521 586 1586 ὁ
609 1519 749 1605 ποιήσας
771 1521 833 1606 την
855 1521 961 1607 ἀρχὴν
983 1531 1041 1604 τῆς
1063 1530 1168 1605 ψυχῆς
1190 1521 1235 1584 δί-

230 1629 347 1691 όωσιν·
376 1628 408 1693 οἱ
435 1623 472 1692 δὲ
502 1630 681 1713 φερόμενοι
707 1626 784 1692 θεοὶ
807 1629 848 1692 τά
876 1629 970 1693 ἀεινά
997 1626 1053 1692 καὶ
1080 1627 1239 1710 ἀναγκαία

229 1735 338 1817 πάθη,
364 1736 497 1818 θυμοὺς
518 1733 574 1799 καὶ
602 1734 795 1818 ἐπιθυμίας,
822 1733 878 1799 καὶ
905 1735 1028 1819 ἡδονὰς
1054 1734 1110 1800 καὶ
1138 1735 1241 1809 λύπας

231 1835 283 1924 αὖ,
305 1839 359 1905 καὶ
382 1850 488 1924 ψυχῆς
512 1841 592 1906 ἀλλο
616 1835 714 1922 εἶδος,
738 1839 795 1925 ἀφ’
819 1836 860 1906 οὗ
883 1843 922 1906 τὰ
941 1844 1122 1925 παθήματα
1140 1842 1244 1905 ταυτί.

189 1971 215 2012 ιε
229 1941 323 2011 οὗτοι
341 1947 404 2032 γάρ
424 1947 456 2012 ολ
475 1949 569 2029 λόγοι
588 1945 788 2012 συνδέουσιν
806 1947 891 2031 ημᾶς
909 1959 979 2024 τοῖς
997 1949 1142 2033 ἄστροις,
1163 1944 1238 2031 παρ’

227 2051 337 2118 αὐτῶν
359 2053 469 2137 ψυχὴν
488 2052 721 2137 κομιζομένους
740 2052 794 2118 καὶ
813 2054 1035 2120 ὑποτάττουσι
1054 2063 1093 2140 τῇ
1113 2052 1241 2140 ἀνάγκῃ

227 2159 374 2225 ἐνταῦθα
398 2161 521 2236 ίόντας·
544 2157 598 2224 καλ
621 2161 689 2243 ἤθη
712 2163 830 2225 τοίνυν
852 2159 929 2247 παρ’
953 2160 1065 2226 αὐτῶν
1083 2159 1139 2225 καὶ
1157 2162 1243 2226 κατά

226 2270 267 2332 τά
285 2270 353 2351 ἤθη
371 2265 515 2353 πράξεις,
538 2265 593 2331 καὶ
612 2267 704 2351 πύθη
723 2265 787 2331 ἀπὸ
807 2264 904 2345 ἕξεως
922 2275 1108 2350 παθητικῆς
1127 2267 1243 2350 οὔσης·

227 2376 310 2440 ὥστε
338 2375 374 2438 τί
402 2374 520 2438 λοιπὸν
551 2372 658 2457 ημελς,
690 2371 710 2455 ἢ
740 2372 819 2458 ὅπερ
855 2368 952 2456 έσμέν
979 2370 1048 2437 κατ’
1078 2372 1244 2456 ἀληθειαν

186 2507 213 2545 ιο
226 2479 332 2563 ἡμεῖς,
362 2471 412 2556 οἷς
438 2478 493 2545 καί
521 2490 654 2566 κρατεῖν
678 2491 745 2544 τῶν
773 2486 894 2544 παθῶν
921 2480 1050 2543 ἔδωκεν
1076 2479 1098 2562 η
1126 2480 1246 2563 φύσις·

227 2584 282 2649 καὶ
305 2587 368 2671 γάρ
393 2587 480 2670 ὅμως
503 2585 540 2651 έν
561 2586 694 2662 τούτοις
716 2596 786 2662 τοῖς
804 2596 918 2661 κακοῖς
939 2586 995 2650 όιά
1013 2595 1073 2651 τοῦ
1092 2587 1245 2670 σώματος

227 2689 480 2775 ἀπειλημμένοις
504 2691 687 2757 ἀδέσποτον
709 2691 830 2778 ἀρετὴν
848 2693 927 2768 θεὸς
947 2692 1079 2756 έόωκεν.
1118 2690 1158 2757 ού
1176 2693 1244 2777 γάρ

228 2795 265 2861 έν
277 2795 388 2883 ἡσύχῳ
408 2793 505 2862 οὖσιν
523 2796 639 2883 ἀρετῆς
658 2798 709 2863 ἀεί
726 2797 817 2881 ημῖν,
840 2796 911 2863 ἀλλ’
931 2798 1011 2862 όταν
1028 2799 1187 2874 κίνδυνος
1202 2797 1245 2863 έν

226 2913 339 2979 κακοῖς
371 2897 457 2968 εἶναι
484 2902 601 2989 ἀρετῆς
633 2903 673 2968 ού
705 2905 882 2990 παρούσης.
933 2905 986 2969 διὸ
1017 2902 1072 2969 καὶ
1101 2905 1245 2989 φεύγειν

188 3040 213 3080 25
228 3009 385 3074 ἐντεῦθεν
409 3011 460 3075 δεῖ
482 3008 536 3075 καὶ
564 3013 714 3096 χωριζειν
736 3011 858 3088 αὑτοὺς
881 3011 945 3076 ἀπὸ
971 3022 1038 3076 τῶν
1060 3028 1245 3093 προσγεγε-

228 3115 379 3201 νημένων
400 3114 456 3181 καὶ
479 3117 523 3200 μὴ
547 3118 583 3182 τὸ
608 3116 775 3182 σύνθετον
797 3113 882 3182 εἶναι
902 3129 995 3201 σῶμα
1015 3116 1243 3202 έψυχωμένον,

230 3361 262 3414 Τ.
299 3291 436 3417 υθξὲοὲ.
450 3291 564 3360 Enn.II‚
576 3296 673 3360 3‚9sq.
692 3291 774 3346 Plato
788 3292 883 3362 Rep.X
897 3311 923 3362 p.
940 3297 1059 3360 6178qq.
1116 3291 1244 3348 11Ρ1ο1.
1338 3257 1339 3270 ἀ

254 3381 300 3418 1m.
320 3381 346 3432 p.

300 3540 324 3577 v.
341 3528 373 3576 10
392 3523 422 3577 έν
441 3521 472 3578 δὲ
493 3521 600 3593 Τιμαίω
618 3523 690 3579 Plot.
747 3530 779 3577 16
798 3519 981 3594 κομιζομένην
995 3524 1023 3592 S,
1042 3520 1244 3592 κομιζομένους

230 3593 336 3646 correxi
355 3595 391 3648 ad
408 3593 515 3648 Plotini
538 3579 666 3649 codicum
684 3595 767 3648 fidem
857 3601 889 3648 21
911 3593 958 3649 διὰ
977 3595 1028 3664 τὴν
1046 3603 1096 3649 τοῦ
1116 3596 1244 3663 σώματος

230 3663 339 3717 codices
352 3664 465 3733 Plotini,
481 3681 496 3719 ο
510 3667 613 3733 quibus
626 3669 692 3736 post
706 3667 830 3734 σώματος
844 3664 924 3719 addit
939 3666 1025 3735 φύσιν
1038 3667 1101 3721 Par.
1116 3683 1156 3736 gr.
1171 3671 1243 3721 1816
