2760 4234
239 261 302 325 176
475 257 583 311 LIBER
601 256 777 323 QUARTUS.
806 258 1004 314 DECEMBER

201 429 220 484 S
236 430 407 506 κευδμῶσι
426 429 483 505 τῆς
499 430 560 505 γης
579 420 771 506 έμφωλεύει.
803 421 928 509 πατέρα
942 419 979 488 δὲ
993 424 1081 507 ὅμως
1094 431 1155 487 τοῦ
1164 423 1247 496 Διός

239 547 320 615 φασι
344 529 400 593 διά
423 529 484 611 τὴν
505 529 614 614 ὑγρὰν
637 529 771 613 οὐσίαν,
793 531 865 612 ἥτις
887 531 1021 595 πάντων
1043 526 1246 615 πρεσβυτέρα

236 648 304 702 τῶν
318 638 490 719 στοιχείων
503 636 721 721 παραδίδοται
735 638 818 701 κατὰ
835 637 895 702 τὸν
912 640 1063 720 ποιητήν,
1082 636 1118 712 ὅς
1132 651 1246 719 φησιν·

313 741 472 807 Ὠκεανόν
494 766 529 806 τε
551 749 644 807 θεῶν
666 749 798 825 γένεσιν
820 741 876 808 καὶ
898 742 1021 829 μητέρα
1048 743 1173 827 Τηθύν.

209 851 274 915 ετὸ
298 846 334 914 δέ
357 849 448 935 ὕδωρ
476 851 593 933 Τηθὺν
622 848 770 935 ἐμφερῶς
798 850 976 934 ὠνόμασαν
1003 850 1067 914 ἀπὸ
1095 857 1155 914 τοῦ
1183 857 1247 911 κεί-

238 964 320 1022 σθαι
343 958 424 1022 κατά
448 957 554 1040 φύσιν
576 964 621 1044 τῷ
644 952 706 1040 μὲν
729 955 816 1044 ξηρῷ
839 966 897 1040 τῆς
919 965 989 1040 γῆς,
1012 965 1058 1044 τῷ
1077 952 1114 1021 δὲ
1131 960 1246 1040 πυκνῷ

235 1073 295 1130 τοῦ
326 1062 422 1150 ἀέρος
453 1064 695 1148 συνεχόμενον.
748 1062 804 1128 καὶ
834 1063 920 1130 οὕτω
952 1059 1014 1148 μὲν
1045 1065 1079 1129 ol
1111 1057 1246 1147 φυσικοὶ

234 1169 311 1256 περὶ
333 1173 479 1256 Κρόνου.
525 1170 722 1256 εὑρίσκομεν
749 1167 785 1236 δὲ
813 1170 917 1235 αὐτὸν
945 1171 1032 1255 ὅμως
1059 1167 1114 1234 καὶ
1139 1167 1248 1252 Οὐρα-

235 1287 297 1343 νοῦ
321 1279 424 1343 παῖδα
448 1276 484 1341 έν
506 1287 576 1352 τοῖς
594 1280 737 1360 βιβλίοις
755 1276 1017 1362 ἀναφερόμενον,
1041 1267 1115 1341 οἷον
1135 1275 1195 1339 τὸν
1213 1271 1245 1351 ἐξ

193 1406 222 1446 ιο
236 1383 333 1470 ἀέρος
360 1382 619 1466 ἀποτικτόμενον
645 1385 787 1469 ὄμβρον,
815 1383 898 1448 ὅθεν
924 1382 979 1448 καὶ
1006 1383 1101 1458 ὑετὸς
1127 1377 1247 1446 ὡσανεὶ

234 1493 308 1567 υίὸς
330 1495 486 1572 καλεῖται,
509 1488 530 1572 ἣ
554 1489 605 1554 ὅτι
628 1491 708 1574 μετά
730 1491 790 1555 τὸν
813 1489 959 1576 οὐρανὸν
981 1490 1001 1573 ἡ
1021 1489 1132 1574 φυχρά
1150 1488 1245 1569 ζώνη,

236 1593 305 1663 εἶτα
327 1596 347 1680 ἡ
371 1596 480 1681 θερμὴ
503 1596 667 1679 τυγχάνει.
703 1594 779 1682 περὶ
799 1593 836 1661 δὲ
854 1606 911 1680 τῆς
929 1595 1246 1681 καταταρταρύσεως

235 1714 295 1769 τοῦ
318 1706 456 1789 Κρόνου
479 1700 663 1786 Ἀμμώνιος
688 1701 791 1786 λέγει,
820 1706 956 1788 Κρόνον
983 1699 1044 1787 μέν
1074 1697 1159 1767 εἶναι
1187 1701 1246 1766 τὸν

235 1819 320 1876 νοῦν
346 1809 367 1892 ἢ
395 1813 522 1892 μᾶλλον
549 1811 671 1892 ψυχήν·
702 1809 742 1875 οὐ
772 1811 835 1895 νάρ
866 1809 1000 1876 ταύτόν·
1029 1810 1089 1874 τὸν
1118 1804 1155 1873 δέ
1178 1811 1246 1872 Δία

193 1940 219 1980 ιι
233 1917 294 1999 τὴν
317 1913 461 1998 γένεσιν·
488 1913 543 1980 καὶ
571 1915 622 1980 ὅτι
649 1916 713 2002 πρὸ
742 1925 799 1999 της
826 1915 984 1999 γενέσεως
1010 1918 1199 2001 καθείρχθη
1226 1913 1246 1996 ἡ

156 2033 159 2039 “
235 2024 322 2108 ψυχὴ
347 2021 452 2110 ἐντῷ
476 2021 611 2105 σώματι,
634 2023 737 2109 ταύτη
760 2019 815 2088 καὶ
839 2022 938 2108 δέμας
956 2021 1030 2088 ἀντὶ
1049 2031 1109 2087 τοῦ
1129 2021 1247 2104 δεσμὸς

234 2131 270 2195 τὸ
294 2141 388 2214 σῶμα
407 2129 701 2215 προσαγορεύεται·
724 2129 744 2213 ἡ
769 2126 806 2194 δὲ
825 2129 944 2214 ἐκτομη
964 2129 1032 2194 ἐστι
1050 2130 1087 2194 τὸ
1107 2130 1247 2212 ἔσχατον

234 2235 289 2302 καὶ
312 2237 508 2320 γεννητικὸν
530 2234 585 2301 καὶ
607 2237 781 2320 ποιητικὸν
798 2248 866 2301 τῶν
883 2238 1030 2302 πάντων·
1054 2235 1189 2318 τοιαύτη
1209 2230 1247 2299 δὲ

233 2345 253 2428 ἡ
277 2356 344 2409 τῶν
368 2345 507 2409 αἰδοίων
529 2343 642 2427 φύσις·
665 2352 769 2408 ταῦτα
793 2340 829 2408 δὲ
847 2347 979 2429 Κρόνος
998 2346 1135 2428 ἔρριψεν
1153 2342 1170 2407 ὁ
1188 2351 1246 2426 τῆς

194 2478 221 2517 εο
235 2455 403 2537 Κρονικῆς
421 2451 553 2534 φύσεως
571 2453 689 2536 πατήρ,
712 2451 768 2514 ἵνα
786 2450 806 2533 ἡ
825 2460 882 2534 τῆς
901 2450 1087 2533 ἀιδιότητος
1105 2449 1247 2533 δύναμις

234 2567 294 2622 τοῦ
318 2557 466 2643 ούρανοῦ
488 2555 543 2622 καὶ
562 2556 599 2622 ἐν
621 2567 660 2642 τῇ
683 2557 837 2642 δαλάσση
859 2557 1002 2643 ὑπάρχη,
1027 2554 1177 2620 τουτέστι
1200 2563 1247 2642 τῷ

233 2664 299 2728 ὑπὸ
314 2666 456 2746 σεληνηυ
469 2666 591 2750 κόσμφ,
610 2663 647 2738 ὃς
665 2664 706 2746 δὴ
725 2671 771 2749 τῷ
790 2662 918 2751 ἀστάτφ
937 2661 990 2728 καὶ
1010 2660 1246 2748 πολυστρέπτςο

234 2767 426 2833 ἀπείκασται
448 2776 506 2850 τῆς
527 2770 709 2852 δαλάσσης,

277 2876 362 2939 ε”νδα
385 2876 490 2957 φόνος
512 2899 547 2939 τε
569 2877 666 2951 κότος
688 2898 723 2940 τε
745 2872 800 2939 καὶ
824 2876 935 2940 ἀλλων
958 2877 1059 2941 έδνεα
1081 2885 1201 2961 κηρῶν.

147 3031 149 3034 -
191 3009 218 3049 τι
232 2989 368 3046 τοιαῦτα
390 2976 451 3064 μὲν
465 2979 631 3065 Ἕλληνες.

193 3100 218 3153 Χ
301 3087 373 3151 160.
396 3091 564 3165 Διόνυσός
588 3088 657 3154 ἐστι
680 3091 716 3154 τὸ
742 3089 778 3154 έν
798 3098 843 3176 τῷ
866 3088 947 3175 πυρὶ
971 3092 1153 3173 γενόμενον
1169 3099 1304 3156 RrIV95
1343 3153 1344 3162 ,

233 3205 373 3279 πνεῦμα,
387 3193 537 3259 τουτέστι
550 3195 587 3259 τὸ
601 3198 741 3281 θερμόν,
761 3196 843 3260 ὅθεν
857 3193 912 3260 καὶ
926 3197 1104 3280 πυρίτοκος
1118 3194 1246 3279 ἐκληδη

231 3300 286 3366 καὶ
300 3302 514 3387 μηροτραφης
532 3300 587 3366 καὶ
601 3301 831 3388 ἀρσενόθηλυς
848 3301 913 3366 ὑπὸ
926 3300 1105 3383 Ἑλλήνων,
1124 3300 1247 3384 ἀχνοη-
1342 3291 1343 3317 ¹

302 3459 326 3494 v.
343 3446 359 3493 3
377 3441 457 3494 Hom.
476 3439 507 3494 Il.
527 3443 555 3500 Ξ
573 3445 632 3493 201.
653 3446 704 3494 302
792 3445 826 3492 24
844 3438 1027 3509 Empedocles
1045 3457 1070 3492 v.
1085 3443 1137 3494 386
1158 3437 1247 3509 stein,

233 3517 265 3564 19
284 3511 409 3564 Mullaoh
1340 3517 1341 3524 ’

302 3652 326 3687 v.
342 3639 376 3687 27·
395 3636 443 3688 καὶ
461 3634 539 3690 omis.
559 3635 586 3689 A
