2788 4222
576 227 780 282 PRAEFATIO
1046 227 1185 282 LXXXIII

175 413 224 470 ea,
251 395 299 454 cui
320 394 435 472 primus
462 394 653 455 hebdomadis
681 395 743 454 dies
772 396 1011 471 consecrabatur,
1039 396 1092 455 Sol
1113 400 1185 473 erat,

175 485 261 543 cuius
285 503 393 544 arcana
416 484 537 543 nomina
565 483 649 543 nobis
672 484 766 542 tradit
790 483 809 559 5
829 485 861 560 5,
888 504 956 544 cum
979 483 998 560 ᾖ
1019 489 1036 546 6
1061 485 1097 544 de
1119 485 1186 562 ipsa
1243 485 1245 494 '

173 577 246 650 agat
269 573 497 648 consecratione,
521 576 551 631 et
569 573 660 631 simili
677 573 765 631 modo
787 570 827 647 ἐξ
848 576 955 633 7-12
976 575 1185 651 demonstrent,

176 663 337 722 secundum
360 661 438 720 diem
460 661 572 737 Lunae,
596 661 720 720 tertium
742 662 841 738 Marti,
865 666 1006 738 quartum
1029 663 1186 736 Mercurio,

172 750 313 826 quintum
339 750 418 826 Iovi,
448 753 565 809 sextum
591 749 715 826 Veneri,
747 751 905 826 septimum
935 750 1063 810 Saturno
1092 751 1185 810 fuisse

171 839 310 898 dicatum.
357 843 427 898 sunt
449 842 551 898 autern
573 839 643 914 hae,
672 857 747 915 quas
770 840 857 899 modo
887 841 1071 915 enumeravi,
1098 859 1185 916 para·

174 927 281 1005 graphi
303 946 404 987 omnes
428 927 559 986 eiusdem
581 929 707 1005 generis,
730 928 774 986 ita
797 931 832 986 ut
855 928 891 986 de
913 929 951 988 iis
970 930 1058 1005 plura
1077 929 1184 988 addere

171 1035 288 1076 necesse
316 1035 375 1074 non
403 1017 455 1075 sit:
484 1014 701 1075 Chaldaeorum
728 1016 807 1074 onim
829 1017 1119 1094 Aegyptiorumque,
1148 1017 1186 1076 ad

172 1124 247 1181 quos
271 1105 334 1181 ipse
356 1105 537 1164 Laurentius
565 1108 707 1180 provocat
730 1107 835 1176 testes,
863 1106 1043 1181 sapientiam
1065 1110 1184 1166 secutus

172 1194 237 1271 agit
259 1194 294 1253 de
319 1196 428 1252 natura
451 1194 605 1269 planatae,
628 1193 664 1252 de
687 1193 717 1253 vi
741 1193 798 1266 dei,
825 1194 878 1269 qui
898 1195 945 1251 illi
967 1194 1125 1270 praesidet,
1149 1195 1185 1254 de

171 1282 270 1342 indole
293 1283 410 1340 numeri
432 1281 576 1357 cuiusque
604 1281 671 1340 diei.
717 1281 870 1357 profertur
896 1284 1000 1340 autern
1022 1282 1117 1341 omnis
1140 1283 1184 1341 in-

172 1390 245 1430 sana
264 1371 400 1430 doctrina
417 1370 671 1446 philosophorum,
690 1387 765 1445 quos
784 1369 962 1429 recentiores
981 1370 1185 1447 Pythagoreos

172 1461 202 1518 et
224 1459 394 1519 Platonicos
422 1458 551 1517 solemus
579 1458 689 1534 dicere,
717 1457 808 1517 verba
835 1457 894 1534 ipsi
916 1458 1105 1536 Pythagorae
1130 1459 1184 1518 im·

171 1551 278 1623 putata
302 1550 332 1606 et
355 1547 520 1606 sententiae
538 1545 673 1605 Platonis
696 1545 857 1622 genuinae3
882 1551 1039 1606 occurrunt
1061 1547 1183 1606 testium

171 1636 293 1694 nomina
325 1635 475 1695 Zoroastri
507 1632 619 1712 Orphei
649 1635 800 1710 Archytae
832 1635 962 1694 Philolai
994 1634 1095 1696 Ooelli.
1142 1637 1183 1695 sic

171 1724 287 1800 septeni
310 1723 380 1799 dies,
407 1724 559 1800 planetae,
587 1723 637 1799 dii,
665 1726 835 1782 tractantur
856 1744 910 1800 per
937 1728 1074 1800 septenas
1097 1744 1182 1801 pera-

171 1812 313 1889 graphos,
345 1813 472 1889 septima
505 1815 606 1872 autem
638 1811 774 1873 absoluta
803 1813 879 1872 liber
908 1814 1052 1873 secundus
1080 1813 1184 1872 finitur

170 1903 328 1978 prospectu
358 1902 487 1979 quodam
513 1902 545 1960 in
572 1901 730 1960 materiam
761 1901 831 1960 libri
861 1902 945 1960 tertii
975 1903 1069 1979 facto,
1101 1902 1183 1962 haud

170 1991 244 2050 bene
268 2009 335 2049 cum
356 1990 394 2049 iis
422 2009 499 2066 quae
527 1989 707 2049 antecedunt
730 2023 772 2032 -
794 1990 839 2049 ita
862 1992 896 2049 ut
918 1991 1104 2050 intercidisse
1128 1993 1182 2051 ali-

171 2078 243 2154 quid
261 2080 366 2155 pateat
380 2112 421 2120 —
437 2079 606 2138 coniuncto:
630 2097 736 2139 aevum
755 2079 833 2137 enim
852 2079 956 2138 confici
975 2081 1018 2138 ait
1035 2078 1064 2152 ἐξ
1085 2076 1181 2161 ὡρῶν,

170 2161 232 2226 εἶτα
254 2162 381 2249 ἡμερῶν,
403 2160 463 2227 εἶτα
486 2165 670 2246 ἑβδομάδων,
697 2164 794 2226 ἔπειτα
817 2173 931 2245 μηνῶν,
954 2161 1014 2227 εἶτα
1036 2166 1181 2228 ἐνιαυτῶν

170 2253 310 2316 edaciter
328 2261 440 2335 καιρῶν
457 2253 507 2315 καὶ
525 2254 557 2316 τὸ
576 2253 680 2316 λοιπὸν
698 2255 816 2315 αἰώνων
835 2249 1052 2338 (11,12extr.).
1085 2276 1181 2333 neque

169 2348 270 2404 tamen
293 2347 448 2421 praeterea
470 2345 568 2402 multa
591 2344 737 2403 interiisse
760 2345 942 2420 putaverim:
966 2346 1082 2422 integer
1103 2346 1183 2404 enim

169 2433 305 2509 plurimis
331 2434 421 2492 huius
443 2433 513 2492 libri
540 2432 675 2508 partibus
703 2432 918 2492 sententiarum
944 2453 1035 2492 nexus
1063 2434 1183 2494 videtur

170 2541 246 2596 ess03
279 2523 326 2580 cui
354 2523 379 2582 si
410 2523 513 2581 contra
542 2521 636 2597 dicas,
668 2521 777 2580 librum
806 2521 934 2580 alterum
965 2523 1087 2598 reliquis
1120 2542 1182 2583 esse

169 2610 342 2687 breviorem,
365 2611 397 2669 id
416 2611 495 2687 quod
513 2629 636 2686 operum
655 2610 873 2669 condendorum
894 2610 966 2669 artis
988 2611 1103 2688 legibus
1122 2631 1181 2671 non

168 2699 354 2776 respondeat,
379 2701 408 2758 te
427 2718 572 2775 moneam,
595 2699 671 2758 talia
692 2718 710 2757 a
728 2698 889 2759 Laurentio
908 2699 1025 2776 saepius
1044 2701 1180 2779 neglecta

171 2807 246 2864 esse;
270 2788 305 2846 de
329 2788 554 2865 magistratibus
579 2788 658 2846 enim
680 2786 756 2846 liber
777 2788 885 2847 tertius
907 2788 985 2846 idem
1009 2790 1091 2866 capit
1113 2809 1179 2866 spa-

170 2877 254 2952 tium,
278 2877 359 2953 quod
382 2878 518 2952 expletur
542 2895 560 2936 a
583 2877 679 2953 primo
703 2879 733 2935 et
756 2877 850 2936 altero
873 2877 1046 2937 coniunctis.

234 2966 335 3042 Atque
357 2965 501 3025 hactenus
525 2964 641 3041 quidem
666 2965 796 3024 de'libro
815 2965 952 3025 secunde.
990 2966 1059 3025 libri
1078 2967 1181 3025 autern

170 3053 253 3112 tertii
276 3054 374 3131 qualis
398 3055 524 3113 materie
547 3054 651 3130 fuerit,
674 3053 747 3113 item
769 3053 858 3113 titulo
882 3073 900 3112 a
924 3055 1059 3113 codicum
1080 3073 1179 3113 recen-

170 3143 250 3202 sione
273 3144 301 3201 X
323 3146 441 3202 servato
465 3144 612 3219 docemur,
636 3143 688 3219 qui
711 3146 756 3202 est
777 3140 843 3223 περὶ
867 3142 974 3221 μηνόςτ
997 3146 1099 3202 tamen
1117 3161 1179 3200 am·

168 3231 246 3307 plius
270 3231 360 3291 fuisse
382 3231 471 3291 huius
489 3231 559 3290 libri
578 3235 797 3309 argumentum,
820 3250 910 3308 quam
932 3231 1012 3307 quod
1030 3230 1179 3307 promitti·

169 3324 219 3379 tur
241 3321 446 3396 inscriptione,
473 3321 534 3379 iam
557 3320 731 3380 videbimus.
777 3320 906 3397 primum
932 3319 1060 3379 auctoris
1084 3321 1179 3379 nostri

170 3427 233 3468 esse
256 3408 367 3484 debuit,
394 3413 438 3484 nt,
463 3410 624 3485 postquam
651 3409 687 3468 de
711 3409 758 3467 die
782 3412 812 3468 et
834 3407 1016 3467 hebdomade
1039 3407 1114 3486 egit,
1143 3409 1178 3468 de

169 3516 269 3557 mense
291 3498 472 3574 loqueretur.
517 3501 548 3557 et
570 3497 778 3557 vetustissimis
802 3496 984 3572 temporibus
1008 3499 1116 3557 mensis
1135 3516 1178 3556 se·

170 3587 298 3645 cundum
320 3585 409 3645 lunae
433 3605 550 3645 cursum
574 3585 814 3662 computabatur,
841 3585 925 3660 prius
948 3589 1061 3662 autem,
1089 3606 1180 3673 quam

989 3683 1018 3738 f*
