2788 4222
572 281 776 339 PRAEFATIO
1065 283 1178 338 LXXIX

167 449 244 507 sium
267 448 379 509 abillo
402 449 565 509 constituto
588 450 694 527 incipit
717 451 862 526 narratio,
884 454 948 511 tum
971 455 1073 512 autem
1094 457 1178 512 recta

165 538 217 596 via
246 538 309 616 agit
337 538 372 596 ds
395 529 520 616 'magica
541 540 657 598 numeri
686 539 860 599 duodenarii
889 541 919 600 vi
946 545 1037 618 atque
1064 537 1178 601 indole:

165 626 258 684 talem
279 644 421 702 pannum,
445 628 496 703 qui
518 628 579 687 late
602 629 757 704 splendeat
778 629 1021 706 philosophorum
1039 630 1178 690 doctrina

165 714 327 789 recondita,
349 716 492 775 materiae
516 716 631 776 alienae
650 717 772 777 adsuere
796 737 811 776 e
830 717 985 778 Laurentii
1007 739 1088 780 more
1113 738 1177 778 esse

165 803 327 862 innumeris
354 804 415 863 iam
443 805 583 881 exemplis
610 805 694 865 nobis
722 806 906 883 probabitur.
953 807 1062 884 quibus
1090 808 1176 869 abso·

165 893 236 952 lutis
261 893 299 951 ad
321 894 509 968 propositum
535 893 613 954 redit
634 897 804 971 tractatque
832 896 903 955 anni
930 896 1062 973 initium,
1089 916 1175 956 num·

165 1000 228 1042 mos
252 999 270 1039 a
292 981 392 1040 Numa
420 981 527 1057 dictos,
554 983 681 1060 regiam,
708 984 881 1059 pontificum
904 985 1038 1045 ordinem
1062 985 1099 1045 ab
1122 987 1176 1062 illo

164 1069 333 1145 iuventum3
361 1088 487 1147 cumque
514 1071 546 1129 id
574 1090 692 1147 quoque
719 1071 874 1132 Laurentii
900 1075 1056 1150 proprium
1082 1074 1175 1144 fuisse

165 1158 302 1234 sciamus,
328 1161 364 1216 ut
386 1158 439 1218 ubi
465 1160 596 1235 primum
618 1179 729 1219 morem
753 1161 884 1237 aliquem
913 1161 949 1220 ab
975 1163 1107 1238 antiquis
1129 1164 1174 1221 in-

165 1248 307 1307 stitutum
330 1247 448 1325 attigit,
475 1248 555 1307 illius
583 1249 647 1306 fata
669 1267 763 1324 usque
791 1249 829 1308 ad
856 1267 911 1308 sua
937 1253 1073 1309 narraret
1099 1253 1174 1310 tem-

164 1355 239 1412 pora
262 1367 304 1377 —-
327 1335 428 1396 videas
452 1336 555 1412 velim,
579 1337 725 1412 quomodo
748 1335 768 1412 ξ
789 1339 828 1395 12
853 1337 964 1397 circum
986 1338 1177 1414 descripserit

165 1427 195 1483 et
219 1424 324 1500 Circes,
349 1422 426 1483 Solis
448 1424 536 1500 filiae,
560 1427 591 1483 et
613 1424 714 1503 Severi
736 1425 984 1500 imperatoris-
1003 1446 1064 1486 non
1084 1427 1175 1486 mira·

163 1512 276 1586 bimur,
306 1512 386 1588 quod
414 1513 549 1588 sequenti
578 1514 766 1590 paragrapho
794 1514 878 1574 uobis
907 1514 1025 1574 obviam
1051 1515 1086 1572 fit
1112 1515 1174 1574 Ha·

165 1601 300 1660 driauus:
326 1599 412 1658 iilum
434 1601 514 1660 enim
537 1596 729 1660 ‘Graecorum
750 1621 846 1677 more,
873 1621 924 1662 seu
946 1603 1088 1680 Pompilii
1110 1604 1174 1662 Nu-

164 1707 245 1763 mae,
280 1689 474 1750 caerimonias
510 1691 590 1769 leges
622 1691 778 1768 gymnasia
814 1687 1023 1768 doctoresque'
1056 1710 1174 1752 curasse

165 1771 252 1857 (Aur.
271 1777 349 1837 Vict
370 1777 451 1837 Caes.
474 1779 553 1855 XIV,
578 1771 613 1861 1)
643 1783 674 1838 et
703 1780 801 1840 officia
829 1780 950 1856 publica
980 1784 1009 1840 et
1038 1781 1175 1857 palatina

165 1885 219 1925 uec
242 1884 302 1926 uon
329 1866 454 1926 miiitiae
477 1868 509 1926 in
532 1886 597 1926 eam
624 1869 750 1928 formam
771 1870 919 1947 redegisse
947 1867 1069 1945 scimus,
1097 1889 1174 1946 quae

164 1954 267 2030 paucis
285 1975 339 2030 per
358 1954 585 2016 Constantinum
601 1957 766 2018 immutatis
786 1957 824 2017 ud
839 1959 1075 2034 Byzantinorum
1094 1959 1175 2034 quod

163 2062 302 2103 vocamus
335 2062 441 2104 aevum
471 2046 680 2121 perseverabat
708 2037 794 2127 (Aur.
812 2046 890 2107 Vict.
915 2048 985 2123 epit.
1005 2047 1084 2123 XIV,
1106 2040 1171 2128 11)

165 2131 201 2191 ab
220 2132 373 2192 Hadriano
396 2133 489 2211 igitur
511 2153 596 2194 sacra
619 2135 772 2211 quaedem,
796 2155 873 2211 quae
891 2136 1046 2196 invenerat
1063 2136 1175 2210 Numa,

164 2221 259 2280 denuo
282 2221 450 2282 instaurata
473 2241 536 2282 esse
559 2227 733 2283 narraverat
754 2222 946 2298 Laurentius,
973 2228 1068 2300 utque
1091 2224 1174 2284 illius

164 2309 403 2371 commemoratio
436 2329 526 2370 carisa
558 2313 618 2371 fuit
649 2313 863 2372 afferendorum
889 2312 1173 2389 Hierosolymorum,

164 2417 240 2474 quae
262 2398 322 2459 illis
345 2399 528 2475 temporibus
547 2400 634 2460 Aelia
651 2400 844 2476 vocabantur,
868 2401 910 2460 sic
932 2399 952 2476 ξ
973 2404 1012 2460 19
1032 2401 1173 2477 Hypatae

163 2488 244 2547 urbis
267 2507 375 2548 uomen
401 2489 543 2548 laudatur
570 2493 674 2566 postea
700 2494 858 2549 mutatum.
903 2490 1100 2567 paragraphis
1124 2491 1172 2548 de·

162 2575 231 2634 iude
255 2595 331 2652 quae
353 2581 492 2636 secuntur
515 2581 644 2640 20-22
668 2582 851 2653 tractantur,
879 2598 955 2655 quas
977 2580 1078 2638 Numa
1105 2597 1173 2638 san·

163 2665 253 2724 xerit:
277 2668 320 2725 20
342 2666 515 2741 pontificum
538 2667 734 2726 maximorum
751 2668 901 2742 vestitum,
925 2670 964 2726 21
985 2669 1102 2745 regium
1119 2669 1171 2727 ha·

164 2753 270 2829 bitum,
295 2755 335 2812 22
354 2754 569 2831 imperatorum
587 2757 673 2833 signa
694 2756 842 2815 describit.
883 2754 1051 2831 §23-25
1076 2758 1172 2816 latina

166 2842 311 2917 quaedam
329 2842 567 2920 interpretantur
584 2845 741 2904 vocabula:
764 2845 922 2923 privilegia
942 2846 1015 2921 qnid
1033 2846 1105 2921 sint,
1124 2846 1173 2916 de·

164 2930 232 2990 cani
250 2931 323 3006 quid
342 2934 372 2991 et
387 2927 515 2991 ‘accede'
530 2934 604 3008 quid
621 2933 779 3010 significet3
802 2935 868 2992 tum
882 2934 1057 2993 describitur
1075 2938 1172 2994 status

163 3019 207 3077 rei
224 3020 361 3095 publicae
376 3039 394 3079 a
411 3021 584 3082 Domitiano
601 3022 787 3082 Diocletiano
806 3022 1001 3082 Constantino
1018 3024 1109 3099 paulo
1127 3023 1172 3080 in·

148 3112 289 3178 ‚novatus
305 3101 339 3190 (ᾖ
350 3111 400 3168 26.
413 3103 477 3191 27),
491 3111 648 3186 praecipue
663 3114 810 3186 quantum
823 3111 1000 3170 admilitum
1015 3130 1173 3169 numerum

163 3197 285 3272 attinet,
313 3218 438 3274 quorum
464 3198 575 3259 iudices
602 3201 799 3259 vetustissimi
822 3231 863 3244 -
888 3218 906 3258 a
932 3200 1032 3258 Numa
1059 3199 1173 3258 scilicet

163 3286 354 3346 confecti-
379 3287 481 3363 quales
509 3289 660 3364 quondam
687 3289 801 3349 fuerint
822 3291 962 3348 narratur
983 3289 1171 3365 paragrapho

164 3377 215 3450 28,
242 3374 320 3434 unde
347 3375 476 3436 decurrit
499 3379 602 3437 auctor
629 3378 667 3436 ad
693 3378 849 3437 historiam
876 3378 996 3436 chartae
1024 3378 1054 3434 et
1080 3396 1171 3435 mem-

162 3462 272 3524 branae
295 3465 398 3540 paucis
422 3465 636 3524 delineandam.
683 3486 759 3542 quae
782 3486 852 3527 vero
876 3468 1014 3525 secuntur
1036 3465 1105 3524 hinc
1123 3485 1172 3524 us·

163 3571 221 3626 que
245 3553 283 3611 ad
305 3553 395 3612 finem
416 3554 485 3612 libri
507 3555 688 3631 paragraphi
712 3547 746 3636 (ξ
766 3551 919 3631 29-41),
943 3572 1044 3614 omnes
1068 3554 1171 3614 eodem

161 3641 249 3700 modo
272 3644 405 3700 tractant
426 3645 476 3702 vel
497 3646 631 3702 ueterum
653 3643 793 3702 instituta
811 3641 940 3718 publica,
962 3642 1171 3705 historicmum
