2788 4222
563 297 767 354 PRAEFATIO
908 305 909 308 ’
1105 299 1170 354 XIII

162 487 240 545 quae
254 467 374 527 Caesari
388 467 527 543 Augusto
542 468 659 527 Tiberio
674 467 786 527 Neroni
799 467 983 542 Vespasiano
1002 467 1175 527 Domitiano

162 557 228 616 ediis
257 559 418 616 evenerunt
449 575 543 632 usque
571 557 609 616 ad
635 576 663 631 p.
688 557 805 631 aaa&
841 553 891 615 acti
922 548 1006 615 εἷπον
1038 553 1076 615 dv
1103 553 1175 615 daia

163 643 358 714 ...citici⁸
387 644 543 726 ,Κύρου
581 644 792 723 μνησθήσομαι
829 643 878 704 καὶ
911 637 1092 723 Ῥωμύλου.
1131 678 1173 686 -

163 755 191 811 p.
217 736 296 810 33,1
322 731 388 813 περὶ
410 732 531 813 Κύρου
555 767 596 776 -
619 754 648 810 p.
673 736 777 810 36,10
805 731 870 813 περὶ
893 729 1005 811 Ῥώμου
1029 731 1077 792 καὶ
1097 729 1173 793 Ῥω-

162 823 282 901 μύλου.
311 855 353 863 -
381 844 409 899 p.
439 824 548 897 37,30
580 821 646 902 περὶ
673 817 809 901 Ἀράβων
842 822 1010 900 μαντείας
1042 823 1174 882 eiusdem

161 913 222 970 fere
237 912 405 989 argumenti
421 914 465 970 est
479 912 561 970 cuius
575 912 779 988 paragraphus
800 911 835 970 de
849 911 1017 971 Varnorum
1031 912 1173 989 auguriis.

226 1001 293 1059 Iam
310 1020 380 1060 vero
395 1001 490 1060 oritur
504 1001 649 1076 quaestio,
673 1001 812 1076 quisnam
829 1000 918 1060 huius
938 999 1044 1075 capitis
1064 993 1105 1080 (p.
1122 1002 1173 1076 25,

164 1091 204 1149 25
222 1121 262 1134 —
277 1110 306 1165 p.
327 1090 382 1164 38,
402 1085 457 1167 21)
482 1094 586 1149 auctor
608 1089 710 1148 fuerit:
739 1089 791 1148 scd
817 1089 872 1149 hoc
895 1088 979 1148 nobis
1002 1089 1104 1164 inopia
1127 1109 1173 1150 ar·

163 1182 371 1256 gumentorum
389 1177 499 1237 coactis
513 1178 545 1235 in
563 1178 660 1237 medio
678 1178 905 1253 relinquendum
923 1195 985 1236 esse
1003 1180 1086 1253 puto,
1104 1196 1174 1236 nam

158 1287 198 1344 ,ne
222 1286 287 1325 eam
310 1266 438 1343 quidem,
462 1286 539 1342 quae
557 1267 692 1342 proxima
716 1269 760 1325 cst
778 1266 956 1341 coniectura,
979 1266 1175 1342 compositum

161 1356 237 1417 illud
270 1375 333 1415 esse
365 1356 402 1414 ab
434 1356 499 1430 ipso
532 1355 639 1414 codicis
674 1355 769 1414 nostri
800 1354 938 1428 librario,
970 1354 1173 1413 deficientibus

162 1445 343 1522 argumentis
367 1448 422 1503 aut
443 1444 567 1520 probare
591 1447 646 1502 aut
667 1444 799 1502 refutare
825 1461 988 1519 possumus.
1034 1446 1066 1501 at
1089 1443 1115 1501 si
1138 1442 1173 1500 de

162 1534 294 1594 fontibus
318 1533 488 1610 quaeritur,
512 1553 527 1591 e
551 1533 657 1608 quibus
679 1532 788 1590 hausta
811 1532 871 1590 sint
894 1550 941 1607 ea,
972 1531 1103 1607 quaein
1127 1551 1173 1590 co-

163 1622 226 1685 dice
248 1622 275 1680 R
298 1622 490 1698 proferuntur
512 1622 548 1678 de
572 1624 757 1681 ostentorum
775 1620 806 1679 ui
824 1623 914 1696 atque
931 1623 1047 1695 natura,
1071 1619 1174 1678 statim

161 1711 318 1771 incidimus
340 1710 372 1768 in
396 1711 604 1787 suspicionem,
627 1709 719 1768 fuisso
741 1709 820 1768 inter
842 1710 910 1769 ilios
933 1710 1074 1768 Ioannem
1096 1708 1173 1767 Lau-

162 1792 310 1859 rentium¹
333 1799 455 1876 eiusque
475 1800 584 1858 librum
608 1799 642 1857 de
666 1799 790 1858 ostentis
813 1798 900 1858 initio
918 1798 1005 1858 hodie
1020 1799 1174 1858 mutilum:

161 1889 231 1948 huic
259 1889 338 1948 enim
366 1889 475 1964 optime
499 1888 638 1948 convenit
659 1887 810 1948 distinctio
833 1887 886 1945 illa
915 1889 994 1946 inter
1016 1893 1122 1966 σημεῖα
1145 1892 1174 1946 et

161 1975 264 2056 τέρατα
293 1977 374 2036 facta
397 1969 491 2056 (Treu
513 1998 540 2052 p.
566 1979 660 2052 28,4;
689 1977 724 2035 cf.
747 1976 821 2052 Lyd.
850 1977 886 2034 de
915 1980 968 2036 ost.
991 1997 1020 2052 p.
1045 1979 1103 2052 3,5
1129 1977 1173 2035 ed.

163 2063 336 2143 Wachsm.),
358 2086 453 2142 neque
472 2066 612 2125 abhorret
630 2066 667 2123 ab
685 2066 741 2124 hac
764 2066 934 2125 coniectura
956 2067 1004 2126 vel
1027 2065 1174 2124 scribendi

161 2155 239 2215 ratio
262 2156 311 2213 vel
333 2154 463 2214 delectus
491 2158 645 2215 auctorum
673 2155 886 2230 adhibitorum,
920 2174 1048 2229 quorum
1075 2174 1173 2213 recen·

162 2243 295 2302 tissimus
327 2245 356 2301 et
387 2244 563 2319 Procopius,
603 2263 693 2319 quem
725 2247 837 2318 septem
868 2244 981 2318 priores
1014 2237 1172 2323 Ἱστοριτοῦ

161 2333 251 2392 libros
284 2351 362 2392 anno
396 2333 459 2393 550
491 2333 539 2391 vel
566 2333 627 2391 551
661 2332 788 2408 publici.
805 2331 878 2390 iuris
911 2331 1014 2390 fecisse
1046 2323 1174 2390 scimus²

163 2421 306 2497 cuiusque
329 2422 469 2481 notitiam
498 2423 577 2481 certe
606 2421 713 2480 habuit
741 2420 933 2496 Laurentius,
963 2419 1017 2496 qui
1042 2421 1111 2478 inde
1136 2420 1173 2478 ab

162 2510 452 2576 11111055211110110
474 2529 505 2569 se
528 2502 633 2569 dedit.3
665 2509 715 2569 sed
737 2513 806 2568 utut
828 2510 900 2568 haec
924 2528 954 2568 se
976 2509 1095 2584 habent,
1117 2509 1173 2568 hoc

163 2599 311 2657 affirmare
330 2598 439 2673 licebit,
458 2600 609 2659 auctorem
628 2598 736 2657 codicis
753 2598 789 2673 R,
813 2598 838 2657 si
857 2598 975 2659 omnino
995 2618 1069 2674 opus
1083 2599 1173 2674 Lydi·

163 2707 254 2746 anum
273 2687 348 2746 adiit
366 2687 477 2748 adhoc
500 2691 592 2764 caput
610 2687 861 2764 conscribendum,
882 2687 1045 2764 inspexisse
1063 2689 1174 2746 librum

162 2777 197 2834 de
222 2777 354 2852 ostentis,
377 2795 436 2836 non
459 2796 529 2836 uero
552 2777 587 2835 de
611 2777 769 2836 mensibus.

229 2864 287 2923 Sed
318 2866 379 2923 iam
410 2869 596 2924 transeamus
628 2865 666 2923 ad
697 2866 797 2941 capita
827 2865 958 2941 primum
989 2868 1019 2925 et
1049 2867 1174 2925 tertium

162 2953 270 3012 codicis
291 2953 430 3028 Parisini,
454 2973 580 3030 quorum
602 2955 805 3031 paragraphos
828 2954 987 3013 secundum
1007 2955 1132 3028 litteras,
1156 2975 1173 3013 a

163 3043 271 3118 quibus
302 3043 450 3118 incipiunt
480 3043 575 3118 tituli,
607 3043 766 3119 dispositas
799 3062 862 3102 csse
894 3043 1030 3104 diximus.
1082 3047 1172 3119 atque

161 3130 286 3190 tertium
322 3132 442 3208 quidem
483 3134 574 3208 caput
609 3131 704 3191 tribus
745 3132 933 3207 componitur
967 3131 1173 3208 paragraphis,

163 3239 290 3296 quarum
313 3239 388 3296 quae
411 3221 582 3280 inscribitur
611 3218 677 3299 περὶ
705 3222 879 3300 Βρεττανίας
906 3241 921 3279 0
945 3219 1046 3280 Cassio
1076 3219 1173 3279 Dione

160 3309 257 3384 petita
289 3313 346 3385 est,
377 3311 511 3385 reliquae
543 3310 620 3368 duae
648 3310 793 3386 Procopio
826 3301 999 3384 debentur4,
1030 3309 1112 3367 nullo
1140 3312 1174 3368 ut

236 3459 299 3514 ¹cf.
318 3460 516 3516 Wochenschr.
535 3461 554 3516 f.
574 3461 655 3516 class.
674 3461 746 3516 Phil.
766 3467 835 3516 1898
853 3481 879 3532 p.
900 3467 959 3514 342.

236 3530 457 3587 ’Κ1111111101101
475 3531 573 3586 Gesch.
594 3533 619 3586 d.
639 3534 700 3601 byz.
720 3533 811 3588 Lat}
827 3552 854 3603 p.
875 3538 935 3586 231.

236 3601 366 3656 8Η10110
386 3620 482 3658 comm.
502 3623 529 3673 p.
548 3603 621 3658 VIII.

236 3672 246 3703 ⁴
264 3673 336 3727 Treu
354 3693 380 3744 p.
401 3679 443 3728 58.
