2788 4222
220 289 268 343 LX
625 289 829 344 PRAEFATIO

221 457 348 532 spiceret
371 458 532 535 exemplari
555 459 656 535 aliquo
679 462 782 517 narrat
805 478 840 516 cx
863 459 974 517 relictis
993 457 1101 516 Ailctii
1123 460 1236 518 chartis

222 547 383 621 descripto,
416 548 494 622 quod
526 548 586 623 ipsi
617 567 635 606 e
664 547 805 621 Marinio,
837 546 961 606 Archivi
991 547 1131 606 Vaticani
1163 551 1236 606 tunc

222 635 383 710 praefecto,
409 635 621 713 perlegendum
647 636 751 694 datum
774 639 851 694 erat:
878 636 955 694 illud
983 653 1053 696 vcro
1080 655 1141 694 una
1169 656 1235 695 cum

223 723 321 782 codice
343 723 507 783 Borberino
538 728 568 784 et
598 725 744 784 codiceE
772 725 944 784 Planudeae
973 725 1151 784 recensionis
1180 743 1237 801 pro

222 811 428 872 fundamentis
454 813 591 872 editionis
621 814 734 872 habuit.
782 815 820 872 ad
852 814 980 872 alterum
1009 814 1115 872 deinde
1146 814 1235 872 huius

224 901 403 961 recensionis
436 903 578 976 codicem,
610 902 778 961 Parisinum
809 922 948 980 graecum
980 904 1080 976 3084,
1112 902 1236 961 lectores

223 990 369 1067 relegavit
394 989 424 1049 O.
446 991 481 1049 Β.
504 990 614 1050 Hosius
643 1011 745 1050 comm.
769 1012 797 1067 p.
817 991 970 1066 XXXVII,
996 992 1079 1050 cuius
1102 991 1237 1050 lectioni-

222 1078 277 1136 bus
299 1079 382 1137 iussu
399 1079 487 1138 Hesii
509 1080 637 1138 enotatis
661 1079 974 1139 abA.0herb1diezic
997 1099 1052 1138 usa
1075 1083 1120 1138 est
1143 1080 1233 1138 editio

223 1158 423 1226 Rcetheriane
453 1161 510 1250 (Rr
536 1169 629 1244 praef.
656 1189 685 1244 p.
704 1162 787 1250 VII).
838 1169 952 1254 quibus
977 1169 1092 1228 duobus
1122 1169 1238 1227 accedit

222 1257 329 1314 tertius
353 1257 442 1316 codex
466 1255 750 1333 Gryptcferratensis
774 1277 897 1334 graecus
921 1257 941 1316 Z
966 1257 984 1316 d
1004 1257 1057 1331 VI,
1081 1258 1134 1334 qui
1156 1261 1235 1316 trac-

222 1347 322 1403 tatum
343 1344 429 1403 illum
447 1346 483 1405 de
502 1347 765 1405 Nili-incremento
785 1339 851 1428 (IV,
867 1339 945 1428 107)
966 1346 1091 1420 exhibet,
1115 1350 1145 1405 et
1164 1365 1234 1421 apo-

223 1434 404 1510 graphorum
425 1435 623 1494 recentiorum
650 1453 788 1494 numerus
817 1439 945 1513 augetur
972 1435 1146 1512 fiagmentis
1171 1435 1236 1510 qui-

223 1521 349 1580 busdam
372 1523 558 1583 eLambecii
580 1527 610 1582 et
631 1525 752 1600 Iosephi
774 1525 810 1582 (15
832 1525 918 1584 1111115
943 1524 1056 1583 schedis
1079 1525 1234 1599 depromp-

215 1611 273 1669 tis.
319 1630 395 1685 quae
424 1625 490 1671 cum
520 1613 566 1671 ita
598 1613 671 1688 sint,
704 1616 804 1672 extare
832 1646 873 1654 -
901 1614 950 1672 vel
978 1613 1109 1671 extitisse
1136 1612 1238 1688 potius

224 1701 442 1758 renascentium
464 1701 633 1760 litterarum
661 1721 733 1760 aevo
758 1735 799 1742 -
823 1705 938 1778 septem
963 1702 1141 1760 recensionis
1164 1701 1239 1759 Bar·

224 1787 345 1846 berinae
373 1792 464 1848 testes
492 1790 641 1848 affirmare
669 1809 839 1864 possumne,
867 1809 940 1866 quos
969 1791 1135 1849 accuratius
1166 1790 1237 1847 deli-

224 1895 313 1935 neare
335 1876 397 1934 iam
418 1879 520 1936 liceat:

119 1975 204 2016 com
291 1966 319 2022 A
345 1967 452 2024 codex
474 1966 695 2026 Barberinus
723 1967 807 2024 olim
831 1970 893 2026 277
920 1999 961 2009 —-
985 1967 1151 2027 editionum
1173 1966 1235 2026 vol-

345 2058 415 2132 gato
439 2074 536 2114 errore
562 2058 624 2115 177
648 2055 817 2114 nominatus
842 2089 883 2096 —-
907 2075 997 2115 nunc
1020 2057 1051 2114 H
1076 2057 1131 2129 15,
1154 2057 1237 2114 char·

343 2146 444 2202 taceus
469 2163 490 2202 s.
508 2144 565 2202 XV
587 2144 654 2203 folii
680 2144 817 2220 minoris,
844 2145 984 2204 foliorum
1014 2147 1069 2219 36,
1097 2145 1238 2218 continet,

344 2235 378 2290 ut
401 2235 505 2291 auctor
528 2235 573 2291 est
590 2233 705 2306 titulus,
729 2228 921 2292 ‘collectanea
944 2251 1052 2310 graeca
1073 2234 1238 2291 multarum

343 2341 442 2379 rerum
461 2321 582 2398 cognitu
605 2317 866 2398 dignissimarum',
890 2322 996 2398 quibus
1014 2322 1111 2382 verbis
1130 2341 1235 2381 manus

344 2411 489 2470 recentior
508 2410 645 2469 subiecit:
670 2405 716 2468 ‘ex
735 2410 821 2470 fastis
840 2411 981 2469 Romanis
999 2411 1140 2470 Iohannis
1159 2410 1238 2486 Lydi

343 2499 613 2575 Philadelphensis,
645 2500 717 2557 Item
744 2500 918 2575 Ephemeris
946 2501 1007 2559 sive
1035 2498 1163 2557 diarium
1189 2500 1238 2558 vel

344 2587 557 2646 Kelenderium
585 2608 620 2646 ex
645 2587 767 2646 Claudio
791 2583 932 2662 Thusoo'3
959 2607 1043 2647 verso
1073 2591 1173 2646 autem
1202 2606 1235 2646 eo

344 2676 426 2750 folio,
450 2677 530 2752 quod
553 2675 771 2754 praeglutinari
794 2676 870 2736 solet
888 2676 1046 2752 codicibus
1068 2678 1180 2754 legitur
1199 2677 1236 2734 ab

262 2825 263 2828 ,
346 2765 449 2822 eadem
480 2784 555 2841 quae
585 2766 657 2823 haec
687 2764 806 2840 scripsit
835 2784 926 2823 manu
957 2769 1127 2824 exaratum:
1161 2761 1237 2824 ‘Sex

349 2852 469 2912 Clodius
493 2854 587 2914 fastos
611 2873 715 2930 graece
734 2854 860 2929 scripSIt,
885 2855 920 2912 cf.
940 2854 1076 2913 Lactant.
1097 2855 1132 2913 de
1153 2855 1239 2912 fatua

345 2936 381 3000 I.'
427 2943 463 3000 de
494 2944 551 3001 hae
582 2943 723 3002 ulteriore
753 2943 862 3002 codicis
891 2947 977 3018 parte
1008 2946 1038 3002 et
1067 2944 1103 3001 de
1135 2943 1238 3002 Clodio

347 3031 443 3090 Tusco
465 3032 567 3090 videas
592 3050 701 3106 quaeso
726 3051 802 3106 quae
829 3031 969 3090 disserent
992 3031 1023 3090 C.
1040 3032 1238 3091 Wachsmuth

347 3119 383 3177 de
416 3113 490 3178 cst.2
517 3141 546 3196 p.
565 3120 642 3178 XIX.
666 3119 758 3178 XLII.
790 3121 939 3196 incipiimt
968 3124 1068 3180 autem
1100 3123 1238 3197 excerpta

345 3208 511 3267 Barberina
534 3228 552 3266 a
574 3209 742 3286 fragmento
766 3210 895 3284 quodam
914 3209 949 3268 de
967 3213 1076 3268 natura
1094 3210 1239 3286 fislminis,
1262 3230 1264 3234 ’

346 3297 425 3373 quod
453 3297 591 3356 editionis
614 3318 642 3373 p.
665 3299 740 3371 183,
762 3300 966 3374 20-184,3
996 3317 1166 3374 expressum
1192 3299 1239 3357 in-

345 3387 455 3461 venies,
481 3386 630 3445 veteribus
655 3386 833 3445 editionibus
855 3387 962 3446 11153
986 3388 1094 3446 fuerat.
1141 3388 1239 3462 sequi·

345 3479 395 3533 tur
418 3475 523 3534 deinde
545 3475 699 3551 inscriptio
722 3473 754 3535 ἐκ
777 3483 835 3534 τῶν
858 3484 910 3535 τοῦ
933 3475 1061 3536 lucivoce
1081 3485 1133 3536 cod
1152 3480 1238 3553 φιλα-

347 3561 488 3640 δελφέως,
513 3567 582 3639 post
606 3582 695 3640 quem
719 3565 821 3624 ecdem
844 3565 946 3624 ordine
970 3585 1029 3640 quo
1051 3566 1084 3623 in
1108 3565 1239 3624 editione

347 3671 382 3709 ee
413 3653 567 3729 leguntur,
600 3672 677 3728 quae
705 3653 747 3711 ibi
779 3653 881 3712 littera
903 3654 930 3710 X
960 3657 1064 3713 notata
1091 3654 1237 3714 invenies:
