2790 4214
228 267 270 332 76
468 267 576 322 LIBER
595 266 771 332 QUARTUS.
799 266 999 322 IANUARIUS

133 440 214 495 XHS
228 441 298 507 τοῖς
324 441 450 507 κοινοῖς
476 429 641 514 πολέμους
668 434 795 515 βαρεῖς,
823 431 959 516 φθοράν
986 453 1020 496 τε
1048 429 1239 517 ἀνθρώπων

226 535 281 602 καί
304 538 532 622 διαφερόντως
553 547 611 622 τῆς
633 539 786 613 νεολαίας
808 535 985 621 ἀνέμενον·
1012 538 1094 602 κατὰ
1117 534 1155 602 δὲ
1177 538 1240 620 τὴν

227 642 372 728 ἑβδόμην
385 655 529 728 χειμῶνα
547 639 609 728 μὲν
626 644 758 720 πάντως
773 681 814 690 -
829 641 961 729 καὶγὰρ
975 644 1103 729 ψυχρὸς
1117 643 1135 709 ὁ
1149 646 1239 730 Κρό-

226 773 350 827 νος-
373 750 547 835 εὐετηρίαν
574 773 608 815 τε
637 751 734 834 ὅσην,
763 749 832 816 ἐπεὶ
860 752 982 837 ἔφορος
1008 761 1076 816 τῶν
1101 761 1240 835 καρπῶν

198 855 325 932 εαύτὸς
353 851 439 922 εἶναι
461 857 673 940 ὑπείληπται,
701 859 823 933 νόσους
845 879 880 921 τε
902 854 958 921 καί
980 856 1160 932 κινδύνους
1182 854 1238 921 καί

226 961 369 1047 ἀνέμους
402 970 448 1050 τῷ
481 962 576 1050 θέρει
609 961 664 1028 καὶ
698 964 836 1048 χαλάζης
871 961 1036 1049 έπιφοράν
1068 960 1145 1048 περὶ
1178 963 1239 1028 τὸν

225 1080 385 1154 καρκίνον
410 1067 466 1134 καί
493 1072 607 1154 φήμην
634 1080 704 1146 τοῖς
729 1071 919 1156 πράγμασιν
941 1069 1105 1152 ἀδόκητον
1128 1070 1239 1134 οίωνί-

227 1178 330 1253 ζοντο.

193 1291 210 1345 S
294 1282 344 1347 11.
368 1281 439 1346 Ὅτι
466 1283 526 1347 τὸν
554 1283 691 1367 φοίνικά
719 1300 834 1366 φασιν
850 1283 907 1347 διδι
929 1283 1155 1348 πεντακοσίων
1169 1291 1294 1348 δεεελΙλι·

187 1413 214 1453 ιο
228 1387 310 1453 ἐτῶν
333 1393 381 1464 είς
402 1411 478 1453 τινα
500 1390 604 1453 τόπον
626 1397 684 1471 τῆς
707 1389 776 1452 ἀνω
795 1386 917 1463 Ἰνδίας
939 1387 1085 1453 κατιέναι
1104 1386 1159 1453 καί
1177 1409 1238 1452 πα-

226 1494 439 1579 ρασκευάζειν
476 1493 582 1582 ἑαυτῷ
618 1496 654 1559 έκ
690 1517 727 1559 τε
762 1494 977 1579 κινναμώμου
1013 1493 1068 1560 καὶ
1100 1494 1239 1580 φύλλων

226 1601 354 1685 νάρδου
376 1624 412 1665 τε
433 1599 489 1666 καί
511 1601 668 1686 μαράθου
690 1606 832 1684 θημῶνα
851 1599 1034 1684 ἐπιβαίνειν
1051 1624 1087 1666 τε
1104 1602 1239 1666 τούτου·

227 1701 268 1772 οὗ
296 1708 402 1790 δῆθεν
430 1705 652 1791 έξαπτομένου
677 1706 744 1772 ύπό
768 1729 861 1782 τινος
882 1708 1057 1791 αίφνιδίου
1080 1709 1239 1791 δαίμονος

227 1812 329 1878 αὐτὸν
351 1808 413 1897 μέν
435 1812 674 1879 ἀναλίσκεσθαι
692 1821 739 1900 τῷ
756 1811 838 1898 πυρί
855 1814 915 1878 τὸν
933 1817 1082 1897 φοίνικα·
1105 1811 1174 1898 μετ’
1197 1813 1239 1879 ού

186 1943 212 1984 15
225 1920 312 1983 πολύ
337 1914 375 1982 δὲ
398 1917 430 1996 ἐξ
454 1918 558 1985 αὐτοῦ
585 1921 818 2005 παραπλήσιον
840 1918 1053 2003 ἀναφύεσθαι
1076 1921 1239 2003 σκώληκα,

226 2023 510 2110 πτεροποιηθέντα
525 2021 562 2090 δὲ
576 2035 772 2111 παραχρῆμα
787 2023 839 2089 έπλ
854 2026 1018 2108 τὸνῆλιον
1027 2025 1239 2091 ἀνίπτασθαι.

225 2132 401 2217 πράττεται
433 2127 472 2196 δὲ
500 2141 599 2197 τοῦτο
629 2131 683 2197 έπλ
710 2141 771 2197 τοῦ
800 2130 837 2196 έν
855 2131 975 2198 Ἡλίου
1001 2134 1095 2198 πόλει
1123 2136 1238 2217 βωμοῦ

226 2239 308 2303 κατὰ
326 2235 632 2303 τὸνἉπολλύνιον·
650 2238 855 2303 τούντεῦθεν
873 2238 914 2322 δὴ
934 2249 1001 2304 τῶν
1015 2237 1239 2317 ἐνδοξοτάτων

225 2346 308 2410 κατὰ
349 2345 411 2429 τὴν
446 2350 621 2427 Αίγυπτον
662 2347 900 2411 συνελθόντων
940 2357 1042 2410 τινῶν
1078 2343 1239 2430 μετέωρος

187 2477 212 2517 ω
226 2449 343 2537 ἀρθείς
372 2453 452 2536 μετά
481 2461 701 2537 παραπομπῆς
730 2463 797 2516 τῶν
824 2449 1080 2537 ἀθροισθέντων
1107 2453 1239 2516 ἀπεισιν

226 2556 309 2622 ὅθεν
331 2552 419 2640 ἧκεν.

296 2661 345 2726 12.
365 2660 436 2727 Ὅτι
459 2665 649 2748 διοσημείας
671 2661 848 2747 γινομένης
874 2665 964 2749 παρά
982 2662 1151 2748 Ῥωμαίοις
1170 2675 1293 2729 deesth

226 2768 303 2833 ούτε
327 2771 462 2853 στρατια
486 2769 625 2834 ἐκινεῖτο
655 2771 731 2835 ούτε
754 2768 907 2852 ἐκκλησία
930 2776 1149 2855 συνετελείτο,
1175 2769 1240 2836 κάν

227 2875 256 2940 εί
280 2875 404 2958 ὀλίγων
426 2877 581 2953 ψεκάδων
603 2875 746 2954 ἐπέψαυε
767 2877 912 2961 κώλυμα.

187 3008 214 3049 25
296 2981 346 3045 13.
365 2978 437 3046 Ὅτι
466 2973 625 3069 ᾦτρύπφ
653 2981 671 3047 ὁ
695 2991 755 3047 τοῦ
778 2983 944 3066 μάννητος
966 2986 1063 3060 λίθος
1086 2985 1145 3049 τὸν
1163 2993 1284 3049 RrIVn

227 3090 367 3174 σίδηρον
394 3085 445 3172 ἐφ’
479 3087 499 3153 δ
526 3099 666 3154 κινεῖται
696 3090 752 3154 διδ
779 3090 840 3172 τὴν
868 3088 1046 3174 ἐμφέρειαν
1072 3099 1130 3174 της
1156 3093 1238 3156 κατδ

226 3198 286 3263 τὸν
313 3194 488 3280 ἀσώματον
516 3198 617 3277 λόγον
644 3194 826 3279 ὁμοουσίου
854 3195 1025 3280 δυνάμεως
1052 3196 1238 3283 μεταφέρει,

297 3358 353 3407 v.3
373 3351 423 3422 μέν
441 3351 519 3407 omis,
538 3352 570 3405 X
598 3353 602 3422 Ι
631 3351 740 3422 ψυχρός
761 3350 814 3420 ηδιρ
838 3351 906 3418 (38,
928 3351 989 3406 ἐπεὶ
1011 3353 1060 3407 καλ
1082 3354 1190 3424 ψυχρός
1206 3354 1242 3408 H

227 3424 310 3476 ὁκαὶ
335 3420 455 3493 ἀνέμους
474 3422 550 3478 omis.
569 3425 605 3477 H
696 3421 834 3493 6ηαλάζη
852 3422 884 3475 X
977 3428 991 3475 ⁷
1012 3421 1186 3489 οίωνίζουται
1203 3425 1239 3479 H

228 3497 262 3547 10
281 3492 321 3555 είς
338 3511 402 3549 τινα
420 3492 508 3549 τόπου
525 3502 574 3564 τῆς
592 3493 650 3549 ἀνω
670 3491 769 3564 ἰυδίας,
788 3493 820 3547 in
837 3509 924 3563 marg.
942 3514 983 3564 ηρ.
999 3495 1039 3557 εἰς
1057 3494 1194 3566 αίηυτττου
1208 3496 1237 3565 S,

226 3563 358 3687 {ortassef
377 3565 417 3646 είς
430 3564 570 3636 Αίγνπτον
588 3565 619 3620 έκ
637 3574 686 3636 τῆς
704 3564 762 3620 ἀνω
773 3563 878 3627 Ἰνδίας
951 3570 982 3618 11
1003 3566 1107 3634 φύλλου
1122 3568 1151 3634 S,
1169 3567 1238 3636 φύλ-

242 3654 281 3688 ων
300 3651 398 3702 εοωρει
