2760 4234
235 287 298 350 142
515 285 623 339 LIBER
641 283 817 350 QUARTUS.
843 285 961 339 IULIUS

192 458 219 512 X
233 448 429 532 ὠνομάζετο·
452 447 592 532 ἕβδομος
616 443 653 512 δέ
675 447 738 513 άπὸ
757 457 817 513 τοῦ
832 446 1054 533 Ἰανουαρίου·
1079 447 1244 532 λερατικὸς

233 551 270 619 δὲ
293 549 389 631 οὗτος
406 555 488 620 κατά
506 555 566 618 τὸν
583 557 734 637 Νουμᾶν.
775 553 793 619 6
812 557 928 620 τοίνυν
946 557 1077 640 Καῖσαρ
1098 551 1138 618 ού
1157 552 1240 638 τύχη

232 662 346 745 μόνον,
366 659 449 726 ἀλλὰ
464 658 519 724 καλ
539 660 701 745 ἱερωσύνῃ
715 661 939 744 κοσμούμενος
953 697 997 708 -—
1010 657 1065 724 καὶ
1078 661 1141 743 γάρ
1160 661 1242 724 πόν-

231 765 324 851 τιφεξ
347 763 400 850 ἦν,
423 764 526 832 ολονεὶ
546 776 727 852 γεφυραῖος
750 764 920 852 ἀρχιερεὺς
938 765 958 850 ῆ
977 768 1156 851 θεουργός,
1184 766 1243 830 διά

205 872 291 955 ετῆν
323 870 356 949 ἐξ
384 870 581 959 Ἀφροδίτης
614 872 728 958 σειράν
755 909 797 919 -—
828 873 935 958 εύρίον
966 873 1025 937 τὸν
1056 874 1244 936 Κυντίλιον

231 986 318 1063 μῆνα
349 978 410 1061 τὴν
439 981 667 1065 προσηγορίαν
697 975 890 1062 μετέβαλεν,
928 979 968 1043 οὐ
1000 978 1057 1042 διά
1087 979 1148 1061 τῆν
1178 986 1242 1043 τοῦ

231 1083 379 1171 ἀριθμοῦ
410 1086 516 1168 μόνον
546 1086 745 1168 τελειότητα,
778 1083 861 1149 άλλά
892 1082 947 1149 καὶ
979 1084 1036 1148 διά
1067 1085 1104 1148 τὸ
1137 1083 1243 1149 αὐτὸν

231 1188 359 1257 ἐκεῖνον
390 1193 471 1256 κατὰ
502 1192 564 1274 τῆν
598 1192 663 1277 πρὸ
699 1191 868 1276 τεσσάρων
899 1191 1012 1256 Ελθῶν
1043 1199 1104 1255 τοῦ
1135 1191 1240 1274 μηνὸς

164 1307 214 1390 Χθ
228 1297 350 1363 τούτου
379 1304 547 1382 τεχθῆναι.
596 1301 727 1383 Καῖσαρ
760 1293 797 1362 66
826 1297 1021 1380 ὠνομάσθη,
1054 1296 1095 1361 ού
1127 1297 1242 1373 καθώς

192 1429 218 1470 ιο
232 1422 335 1489 φασιν
358 1406 390 1470 οἱ
412 1407 557 1486 παλαιοί,
581 1402 616 1468 ἐκ
633 1413 691 1488 τῆς
710 1402 874 1488 ἀνατομῆς
891 1413 949 1487 τῆς
968 1404 1108 1489 γαστρὸς
1127 1402 1239 1488 Λύρη-

231 1513 303 1587 λίας
330 1520 387 1595 τῆς
414 1512 536 1596 μητρός
563 1510 682 1594 αὐτοῦ,
713 1505 753 1593 ῆς
782 1512 889 1592 δῆθεν
915 1508 1117 1593 άποβιούσης
1144 1508 1240 1590 ἐγκύ-

230 1641 332 1701 μονος
362 1616 464 1682 αὐτὸν
493 1615 736 1700 άνατμηθείσης
766 1615 891 1699 ἐκείνης
921 1621 1104 1700 ληφθῆναι·
1136 1615 1173 1678 τὸ
1204 1611 1233 1679 6’

230 1717 354 1804 άληθές
380 1720 574 1807 κεκριμένον
600 1732 670 1797 τοῖς
699 1722 876 1807 ἱστορικοῖς
902 1718 1063 1807 περὶτῆς
1085 1721 1244 1804 τοιαύτης

230 1828 333 1893 αὐτοῦ
359 1829 583 1912 προσηγορίας
609 1829 763 1892 τοιοῦτόν
791 1825 893 1891 ἐστιν·
924 1823 977 1891 ἐπὶ
1004 1835 1064 1892 τοῦ
1090 1831 1240 1892 Φοινικι·

191 1958 216 2000 ιι
230 1942 291 1998 κοῦ
313 1930 470 2015 πολέμου,
493 1933 546 1997 ὅτε
569 1932 587 1998 6
607 1931 727 2017 Σύφαξ
745 1929 882 2017 Ἀννίβα
901 1933 1087 2016 συνεμάχει,
1110 1930 1242 2014 λέγεται

231 2039 336 2104 Γάῖον
361 2037 541 2104 Ῥουτίλιον
562 2077 607 2086 -
628 2040 794 2124 πρόγονος
826 2034 863 2103 δὲ
896 2033 993 2114 οὗτος
1023 2039 1162 2114 παλαιὸς
1192 2046 1241 2125 τῷ

230 2149 375 2231 Καίσαρι
389 2143 557 2227 γέγονε-
566 2145 603 2210 ἐν
621 2144 704 2231 αὐτῆ
718 2155 757 2231 τῆ
770 2145 948 2231 παρατάξει
962 2146 1150 2229 μαχόμενον
1163 2162 1240 2211 τοσ-

231 2251 314 2338 αύτη
336 2250 475 2334 δυνάμει
494 2249 668 2335 ἐπαφεῖναι
686 2252 723 2316 τὸ
738 2252 822 2337 δόρυ
835 2253 917 2315 κατὰ
930 2259 991 2316 τοῦ
1005 2254 1242 2337 Μαυρουσίου,

231 2361 314 2424 ὥστε
327 2359 386 2422 τὸν
401 2355 573 2441 ἐλέφαντα,
592 2348 619 2444 ᾦ
637 2357 791 2440 ἐπωχεῖτο
811 2357 828 2422 6
846 2356 1013 2441 πολέμιος,
1031 2360 1242 2441 καταβαλεῖν,

191 2491 217 2530 εο
230 2464 386 2530 κάκεῖθεν
409 2464 470 2546 τῆν
492 2466 660 2549 Καίσαρος
687 2462 878 2548 ἐπωνυμίαν
900 2466 1029 2547 λαβεῖν,
1058 2461 1126 2528 ἐπεὶ
1149 2465 1239 2549 παρὰ

233 2570 385 2648 Φοίνιξιν
412 2569 430 2634 6
459 2567 577 2653 ἐλέφας
603 2571 641 2634 τὸ
669 2573 752 2648 ζῶον
778 2581 896 2656 καῖσαρ
924 2568 1060 2664 λέγεται.
1107 2568 1238 2652 Ούάλης

136 2685 216 2741 st
232 2672 279 2758 δὲ,
302 2674 339 2750 ὃς
364 2672 419 2739 καὶ
445 2675 544 2751 αὐτὸς
565 2677 605 2740 τά
627 2678 797 2761 Καίσαρος
819 2677 951 2761 ἔγραφε,
974 2673 1077 2760 φησὶν
1102 2677 1241 2761 άριστον

300 2831 324 2867 v.
340 2819 372 2865 21
392 2811 508 2868 Valens.
527 2813 610 2867 Peter
627 2813 754 2883 HRFp.
770 2819 821 2866 378

300 2955 324 2990 v.
339 2936 475 2991 4ὡσανελ
489 2936 517 2990 Β
589 2942 673 2991 ὅτου
688 2936 765 2990 omis.
781 2937 810 2991 Β
881 2935 959 2991 θὸτι
971 2937 1022 2991 τὸν
1035 2935 1117 3007 γάϊον
1131 2937 1240 2992 ίούλιον

229 3005 350 3075 καίσαρα
373 3006 400 3061 ολ
423 3005 474 3076 μὲν
495 3005 591 3061 πολλοί
615 3025 702 3076 φασιν
724 3009 811 3063 αὐτὸν
834 3005 954 3097 καίσαρα
974 3012 1238 3080 προσαγορευθῆναι

230 3079 260 3133 ἐκ
279 3087 328 3148 τῆς
345 3079 534 3148 άνατομῆς-
500 3097 575 3148 —p
591 3084 651 3148 143,
665 3084 750 3133 6τού
769 3076 960 3148 άφροθίτηςδ
1029 3084 1061 3133 11
1081 3080 1237 3149 αύτούμη-

229 3150 334 3219 τρὸςΧ
348 3152 352 3219 Ι
368 3149 599 3219 ἀπομειούσηςΑ,
614 3149 852 3240 άπομενούσηςΒ,
866 3150 922 3204 άπο
924 3150 1068 3241 βιρύσηςθ
1120 3156 1152 3204 12
1167 3151 1238 3204 ἀπο-

229 3219 381 3291 τμηθείσης
399 3221 441 3290 Χ,
464 3218 672 3290 άνατμηθείσης
690 3221 712 3276 S
727 3222 918 3346 pzppmpm·
944 3219 1003 3274 ἀλλ’
1021 3219 1107 3283 ούτως
1124 3220 1179 3291 ἔχει
1201 3221 1237 3275 τὰ

229 3301 285 3347 τῶν
299 3292 438 3383 ίστοριῶγ·
458 3291 504 3345 ἐπὶ
519 3300 569 3346 τού
584 3294 638 3362 1(4)
657 3295 712 3346 κτλ.
834 3297 866 3346 15
886 3290 978 3346 θτε-
993 3309 1057 3346 συνε
1088 3291 1138 3362 εχι
1157 3291 1236 3346 omis.

229 3363 252 3418 S
322 3369 355 3417 16
375 3360 463 3418 Γάϊον
482 3361 559 3417 omis.
575 3363 603 3432 S,
621 3362 674 3433 γὰρ
694 3360 864 3432 ούτίλιονΑ,
882 3361 965 3433 γάιον
984 3359 1087 3434 άουτλι
1078 3382 1122 3418 ιον
1140 3363 1235 3444 AB}

229 3432 367 3504 πρόγονος
392 3431 419 3489 (ί
441 3433 569 3497 αύτοςδ
600 3436 604 3503 Ι
638 3431 669 3488 66
695 3433 772 3490 omis.
796 3433 825 3487 Β
932 3439 963 3487 17
983 3433 1079 3505 γέγονε
1105 3433 1183 3489 omis,
1206 3433 1239 3487 X

231 3509 264 3557 18
303 3502 456 3574 ανρονθίου
476 3505 504 3559 Β
576 3510 608 3559 21
628 3502 712 3559 καίσα
735 3506 766 3559 Χ
836 3510 869 3559 22
889 3503 995 3596 ἔγραφέ
1016 3523 1102 3575 φησιν
1123 3503 1165 3560 ὅτι
1188 3503 1237 3558 διὰ

228 3574 261 3629 τὸ
289 3595 307 3630 κ
320 3585 369 3645 τῆς
382 3574 469 3646 κόμης
482 3575 580 3639 κάλλος
593 3585 694 3645 καῖσαρ
708 3576 933 3647 προσηγορεύθη·
948 3576 999 3646 τὴν
1013 3577 1066 3648 γὰρ
1080 3574 1169 3646 κόμην
1183 3578 1236 3630 etc.

228 3645 649 3718 S,deHvid.,eadp1436
