2760 4234
440 288 546 342 LIBER
565 287 739 353 QUARTUS.
765 287 926 342 MARTIUS
1124 289 1188 354 105

180 454 284 537 σμοὺς
298 452 468 536 Σιβύλλης
487 460 544 535 τής
561 454 723 535 Κυμαίας,
742 449 797 516 καὶ
816 450 916 534 ἐζήτει
936 451 1024 538 αὐτῷ
1043 453 1162 517 δοῦναι
1176 462 1292 518 XSPar.

180 562 227 636 είς
249 560 426 645 τριοίκοντα
448 568 604 645 χρυσοῦς·
632 567 692 624 τοῦ
716 553 752 622 δέ
775 561 1086 644 καταφρονήσαντος
1109 557 1187 641 ἀμα-

179 667 366 749 νακτήσασα
394 665 415 748 ή
444 665 529 748 γυνή
560 667 677 730 ἔκαυσε
709 665 746 729 τὸ
779 663 816 728 ἓν
847 675 914 729 τῶν
945 667 1100 748 βιβλίων,
1132 662 1187 728 καὶ

179 767 279 848 αὖθις
295 775 529 856 προσελθοῦσα
547 769 642 853 ήξίου
659 769 715 835 καὶ
729 766 812 855 ὑπὲρ
826 781 894 835 τῶν
907 769 1111 854 λειπομένων
1125 771 1188 835 δύο

178 879 256 954 ταύς
284 877 460 962 τριάκοντα
490 879 604 959 λαβεῖν
638 884 794 962 χρυσοῦς·
830 884 890 940 τοῦ
920 874 949 939 δ’
982 878 1029 942 ἔτι
1061 881 1188 961 μᾶλλον
1215 903 1227 944 5

179 983 283 1067 αὐτήν
305 983 521 1067 ὑπεριδόντος
549 979 603 1046 καλ
626 983 663 1047 τὸ
687 980 801 1067 ἕτερον
824 984 954 1046 ἔκαυσε·
983 985 1100 1048 λοιπὸν
1125 979 1188 1049 οὖν

178 1087 262 1174 ὑπὲρ
285 1097 345 1154 τοῦ
369 1085 483 1174 ἑτέρου
507 1085 580 1164 ἑνὸς
603 1089 664 1171 τήν
683 1086 788 1171 αὐτήν
806 1087 947 1172 ἐπεζήτει
966 1090 1074 1173 τιμήν.
1115 1107 1188 1155 στο-

179 1198 362 1280 χασοίμενος
391 1189 454 1260 οὖν
482 1193 500 1258 ὁ
530 1195 687 1277 βασιλεὺς
717 1193 898 1276 ἀναγκαῖον
927 1193 1007 1260 αὐτὸ
1035 1190 1120 1260 εἶναι
1148 1206 1187 1281 τῇ

179 1306 329 1387 βασιλείᾳ
356 1300 515 1384 λαμβάνει
543 1301 623 1376 δοὺς
646 1301 724 1376 τοὺς
745 1301 923 1384 τριάκοντα
946 1309 1101 1385 χρυσοῦς·
1133 1299 1187 1365 καλ

179 1410 288 1494 εὑρὼν
312 1407 348 1472 έν
371 1405 460 1494 αὐτῷ
482 1407 540 1482 τὰς
553 1404 722 1489 Ῥωμαίων
739 1406 840 1489 τύχας
857 1404 925 1470 κατ’
950 1405 1116 1491 ἐξαίρετον
1132 1405 1229 1474 καλου

179 1517 282 1599 μόνας
310 1510 587 1597 ἐγγεγραμμένας,
615 1509 772 1594 ἑξήκοντα
798 1515 980 1597 πατρικίων
1008 1515 1189 1596 συστήματι

179 1621 240 1703 τήν
262 1620 390 1684 τούτων
411 1617 581 1704 παρέδωκε
603 1619 764 1703 φυλακήν.

126 1736 249 1790 RrIV35
272 1726 324 1791 48.
348 1727 484 1802 Νώναις
502 1728 670 1810 Μαρτίαις
690 1724 708 1790 ὁ
728 1725 870 1811 Βάρρων
888 1726 1018 1810 ὄρθρου
1040 1725 1099 1788 τὸν
1122 1722 1230 1791 στί-Χ

184 1855 294 1917 φαυον
316 1833 459 1896 δύεσθαι
482 1829 569 1913 λέγει
592 1829 648 1895 καὶ
670 1842 768 1896 πνεῖν
790 1833 849 1896 τὸν
871 1835 1008 1918 βορρᾶν.
1325 1831 1329 1838 ’

127 1947 206 2002 11129
216 1948 295 2003 IV86
309 1937 361 2001 49.
385 1939 500 2014 Είβοῑς
513 1941 680 2023 Μαρτίαις
695 1936 790 2023 ἑορτή
804 1940 888 2014 Διὸς
905 1939 960 2002 διὰ
975 1938 1036 2020 τήν
1049 1954 1189 2022 μεσομη-
1203 1967 1229 2008 15

181 2048 258 2110 νίαν
280 2042 335 2108 καὶ
358 2042 451 2128 εὐχαὶ
474 2045 629 2128 δημόσιαι
656 2040 740 2126 ὑπὲρ
768 2053 828 2110 τοῦ
854 2044 1005 2127 ὑγιεινὸν
1032 2043 1190 2127 γενέσθαι
1269 2045 1271 2049 ’

181 2153 240 2216 τὸν
270 2150 433 2216 ἐνιαυτόν.
480 2151 650 2236 λεροίτευον
679 2147 717 2215 δὲ
745 2149 801 2215 καὶ
832 2160 957 2236 ταῦρον
987 2148 1076 2233 ἑξέτη
1099 2146 1189 2234 ῦπλρ

181 2269 248 2323 τῶν
272 2256 308 2322 έν
331 2267 401 2332 τοῖς
424 2259 537 2341 ὄρεσιν
564 2255 690 2341 ἀγρῶν,
717 2254 905 2340 ήχουμίυου
931 2265 992 2321 τοῦ
1015 2254 1191 2341 ἀρχιερέως

181 2360 236 2428 καὶ
263 2374 330 2428 τῶν
356 2364 557 2447 κανηφόρων
584 2370 642 2444 τῆς
668 2364 814 2447 Μητρός.
859 2364 955 2445 ήχετο
986 2357 1023 2425 δὲ
1049 2359 1103 2426 καὶ
1131 2362 1187 2426 ὀίο-
1201 2377 1287 2431 ΧΥΗ

252 2574 276 2608 v.
294 2561 326 2609 14
345 2554 434 2608 Varro
453 2553 639 2606 Wachsmuth
658 2553 693 2606 de
711 2555 762 2607 ost.
782 2571 809 2622 p.
824 2558 875 2607 296
893 2571 935 2608 nr.
952 2559 985 2606 10

252 2737 303 2786 v.3
318 2731 349 2785 τὸ
364 2729 394 2786 ἓν
408 2741 462 2785 τῶν
478 2728 591 2802 βιβλίων
606 2729 721 2785 ἔκαυσεν
732 2730 788 2784 XS
798 2729 801 2802 ή
813 2731 872 2802 καλ]
888 2726 946 2784 εἶτα
961 2731 1018 2786 XS
1077 2736 1095 2784 4
1108 2750 1192 2800 προσ-

182 2803 315 2873 ελθοῦσα]
334 2803 370 2864 ὡς
389 2801 474 2856 αὐτὸν
488 2799 621 2872 γενομένη
636 2801 693 2855 XS
714 2810 717 2868 Ι
740 2803 788 2855 κοιλ
807 2800 884 2856 omis.
899 2801 1020 2873 SPar.}
1042 2803 1192 2857 ἀπολειπο-

182 2873 310 2943 μένωνΒ
369 2874 463 2934 ῦτοῦς
477 2873 578 2934 αὐτοὺς
591 2871 741 2940 τριάκοντα
751 2872 808 2927 XS
822 2874 826 2943 Ι
842 2870 1047 2942 χρυσίουςΡιικ.
1108 2879 1191 2927 6πα-

182 2943 309 3013 ριδόντος
319 2946 350 2998 Χ
364 2946 368 3015 ή
384 2943 482 2998 λοιπὸν
493 2940 555 3014 οὖν]
565 2941 649 2997 πάλιν
659 2942 690 2996 δὲ
700 2944 732 2996 Χ
735 2943 757 2997 S
805 2949 820 2996 7
832 2941 937 3015 ἑτέρου]
947 2941 1110 3014 λειπομένου
1118 2945 1150 2997 Χ
1153 2944 1175 2998 S
1185 2945 1189 3015 Ι

183 3015 361 3085 ἐπιζητούσης
378 3024 427 3069 τοῦ
446 3012 560 3084 χρυσίου
583 3011 736 3083 ποσότητα,
760 3013 965 3084 στοχασάμενον
984 3015 1056 3077 εἰκὸς
1073 3014 1123 3068 τὸν
1141 3016 1192 3085 βα-

183 3085 267 3154 σιλέα,
286 3088 323 3148 ὡς
340 3087 482 3155 ἀναγκαῖα
501 3087 603 3153 μᾶλλον
622 3087 734 3154 (μᾶλλον
749 3084 828 3139 omis,
843 3085 874 3155 S)
893 3085 955 3155 ἐτῦχ
975 3104 1024 3140 ανε
1041 3083 1076 3138 τὰ
1090 3083 1192 3155 βιβλία,

182 3155 321 3224 πρίασθαι
336 3155 460 3226 (ἐπρίατο
471 3157 511 3225 Χ)
525 3152 593 3223 παρ’
610 3156 695 3224 αὐτῆς
708 3155 740 3209 τὸ
749 3154 923 3224 λειπόμενον·
939 3106 999 3210 είτα
1009 3153 1125 3223 εὑρόντα
1136 3158 1191 3226 (10)

183 3227 240 3282 XS
287 3225 447 3297 9χρυσίους
461 3228 528 3281 Par.
584 3232 615 3279 11
635 3225 792 3295 συστήματα
807 3228 911 3281 ΒΡων.
962 3233 994 3280 12
1013 3227 1192 3293 παραδοῦναι

183 3298 240 3353 XS
288 3305 320 3352 17
341 3297 462 3366 ἱεράτευε
477 3299 505 3351 Β
556 3303 588 3352 18
607 3305 656 3352 τοῦ
671 3295 818 3368 ἀρχιερέως
832 3297 909 3351 omis.
925 3298 953 3351 B
1004 3302 1036 3350 19
1055 3296 1141 3366 μητρὸ
1155 3298 1190 3366 A,

182 3368 268 3438 μητρό
283 3371 332 3440 A„
351 3369 424 3422 unde
439 3367 564 3438 corrupit
577 3367 715 3439 μητρόχου
730 3370 758 3422 Β
774 3371 778 3438 Ι
795 3367 825 3423 ἐν
838 3369 925 3422 τούτω
940 3376 977 3421 τῦ
991 3367 1057 3436 μηνὶ
1070 3376 1126 3422 τῶν
1140 3364 1191 3438 βω-

171 3439 272 3509 -μαίων
292 3439 389 3508 ἑορτὴν
408 3438 476 3507 ὑπὲρ
495 3448 544 3494 τοῦ
563 3439 686 3510 ὑγιεινὸν
711 3441 806 3501 αὐτοῖς
827 3438 877 3494 τὸν
900 3437 1029 3493 ἐνιαυτὸν
1052 3434 1126 3492 εἶναι
1148 3458 1191 3493 τε-

182 3512 304 3566 λούντων
323 3511 475 3578 ἄνθρωπος
492 3512 584 3565 αὐτῶν
603 3511 694 3580 ἡγεῖτο
711 3507 942 3580 περιβεβλημένος
960 3525 1016 3576 eqn.
1035 3509 1070 3562 Η
1085 3508 1103 3564 f.
1120 3517 1190 3579 165¹,

183 3581 225 3637 ὅτι
249 3582 279 3637 έν
302 3582 388 3644 εἰδοῖς
412 3579 540 3650 μαρτίοιις
562 3589 674 3650 πομπῆς
696 3578 844 3651 γινομένης
865 3579 945 3649 ήχετο
969 3581 1017 3634 καὶ
1040 3579 1191 3649 ἄνθρωπος

182 3651 412 3724 περιβεβλημένος
430 3655 482 3706 etc.
506 3653 535 3705 Y
749 3690 753 3697 -
