2788 4222
254 261 306 317 XX
654 258 860 315 PRAEFATIO

256 417 399 504 occurrit,
429 425 471 506 p.
488 429 573 503 4,17
603 429 729 505 uterque
751 447 854 488 vocem
888 423 1014 504 ψήφους
1046 425 1174 502 omittit,
1207 443 1269 502 qua

256 517 365 578 omissa
388 516 536 577 claudicat
558 517 715 576 sententia.
751 536 848 593 neque
870 519 972 575 tamen
990 516 1044 574 aut
1056 515 1084 572 R
1098 534 1113 574 e
1129 514 1267 574 Tischen·

256 605 388 666 dorfiano
420 607 474 664 aut
504 605 555 666 ille
583 625 618 665 ex
649 605 703 664 hoc
736 606 781 665 est
815 603 992 680 exscriptus:
1020 603 1157 681 proprias
1189 603 1269 662 enim

255 697 382 771 uterque
414 693 544 756 servavit
574 694 729 769 lectiones,
765 692 818 752 ubi
849 691 1067 754 contaminatus
1106 691 1183 752 alter
1214 694 1269 768 est,

257 785 334 843 alter
362 783 491 860 integer3
522 782 650 859 exempli
682 800 771 842 causa
800 782 950 858 proferam
977 779 1268 840 'lischendorfianum

256 872 470 948 interpolatum
492 871 538 931 his
560 871 645 930 locis:
668 891 697 947 p.
722 872 751 946 3,
762 873 804 932 20
826 868 1016 950 Αὐγουστείω
1040 861 1199 951 (Γονστείω
1218 864 1269 946 R),

255 981 284 1037 p.
301 962 382 1036 6,14
396 956 545 1020 eadmerus
559 955 706 1037 (σκέπεται
718 951 769 1040 R).
801 963 834 1019 at
847 977 949 1019 veram
961 957 1093 1018 servavit
1110 956 1268 1018 lectionem

256 1050 302 1108 his
325 1048 412 1124 locis,
435 1047 540 1124 quibus
563 1051 721 1124 corruptus
745 1049 791 1108 est
812 1048 851 1107 R:
874 1069 903 1124 p.
918 1049 947 1124 3,
961 1049 1003 1107 22
1022 1042 1151 1106 ἅσκεπον
1171 1041 1268 1123 (doar-

256 1158 330 1198 πτον
347 1129 398 1218 R),
420 1156 449 1212 p.
465 1137 545 1211 5,13
569 1145 653 1215 στῆτε
672 1133 784 1217 Πέρσαι
803 1132 928 1217 (Πέρσαι
949 1134 1032 1196 omis.
1046 1130 1094 1213 R).
1132 1133 1267 1212 adsigne-
1339 1169 1343 1180 ·

256 1244 324 1286 mus
346 1224 440 1302 igitur
466 1225 494 1283 R
517 1228 547 1285 et
570 1224 860 1285 'lischendorfianum
887 1224 940 1284 uni
968 1223 1122 1301 eidemque
1146 1223 1268 1282 arche·

256 1307 376 1392 cyp0,1
406 1313 485 1390 quod
516 1316 617 1374 teman
645 1333 714 1374 oum
742 1314 814 1390 ipsis
844 1311 1001 1373 Laurentii
1030 1311 1178 1373 codicibus
1208 1330 1268 1371 non

258 1421 374 1479 semper
400 1402 569 1480 congruisse
597 1401 818 1463 demonstratur
844 1421 893 1479 eo,
922 1400 1001 1478 quod
1022 1422 1051 1478 p.
1076 1401 1155 1475 4‚17
1180 1400 1267 1460 omit·

257 1493 333 1552 titur
347 1510 405 1552 vox
418 1490 553 1569 ψήφους,
570 1490 602 1550 in
616 1491 751 1552 codicum
763 1492 791 1550 X
803 1491 971 1551 recensione
984 1491 1103 1551 servata
1117 1482 1159 1571 (p.
1171 1479 1268 1570 64,3).

257 1581 290 1640 in
312 1579 454 1656 editione,
476 1600 514 1639 ne
537 1583 690 1641 oneratam
713 1579 787 1640 satis
809 1580 1006 1656 plurimorum
1029 1578 1162 1639 codicum
1184 1577 1269 1654 siglis

258 1672 289 1729 et
310 1668 487 1728 lectionibus
509 1669 577 1745 plus
599 1668 679 1729 iusto
702 1687 867 1746 gravarem,
889 1686 985 1744 neque
1003 1666 1110 1728 codicis
1130 1665 1268 1726 'lischen-

259 1756 384 1817 dorfiani
410 1775 506 1833 neque
533 1757 613 1816 illius
643 1757 798 1834 archetypi
824 1758 911 1816 notas
938 1756 1049 1832 recepi3
1076 1755 1108 1815 in
1136 1755 1270 1816 codicum

260 1848 416 1906 stemmate
439 1844 518 1903 infra
541 1848 662 1904 exarato
685 1845 878 1921 archetypum
896 1843 1036 1904 asteriam
1054 1844 1167 1919 notavi,
1191 1841 1270 1919 quod

260 1934 393 1994 omnium
415 1932 636 2009 deperditorum
660 1933 793 1993 codicum
815 1933 934 2010 signum
957 1949 1020 1992 essa
1042 1932 1133 1992 volui.

150 2051 175 2092 us
191 2061 224 2092 aa.
326 2021 450 2081 Praeter
462 2021 516 2080 hos
535 2024 635 2080 autem
654 2022 727 2082 duos
750 2021 863 2082 codices
883 2021 935 2080 alii
954 2039 1072 2098 quoque
1093 2019 1270 2096 superstites
1312 2035 1315 2042 ’

174 2115 233 2146 ¹²⁶¹·
261 2114 332 2171 sunt
352 2113 444 2170 testes
467 2129 582 2187 eorum,
614 2128 691 2187 quae
718 2109 750 2168 in
776 2110 871 2186 primo
899 2109 1085 2186 secundoque
1112 2108 1220 2170 codicis
1242 2106 1270 2166 R

144 3380 234 3422 auidae.

260 2198 407 2276 capitibus
429 2197 603 2272 narrantur}
627 2198 772 2260 Suidam
790 2198 856 2260 dico
880 2202 910 2258 et
927 2201 1081 2258 auctorem
1103 2195 1271 2279 Πατρίων

259 2285 679 2360 Κωνσταντινουπόλεως.
725 2305 760 2347 ac
786 2286 823 2347 de
850 2307 940 2363 nexu,
969 2286 1023 2365 qui
1051 2287 1130 2346 inter
1158 2287 1211 2347 hos
1239 2287 1270 2344 et

259 2376 414 2437 Laurentii
428 2375 542 2437 codices
555 2376 643 2436 modo
656 2375 794 2438 laudatos
807 2375 972 2452 intercedit,
992 2375 1174 2452 scripserimt
1192 2393 1269 2434 com·

259 2466 359 2542 plures
373 2465 431 2526 viri
445 2465 538 2540 docti,
556 2464 668 2525 scilicet
687 2461 825 2525 'Schultze
844 2467 959 2541 quaest.
972 2464 1046 2541 Lyd.
1060 2484 1089 2541 p.
1105 2465 1134 2540 5,
1153 2462 1268 2522 Traube

259 2554 373 2612 Libam.
407 2553 472 2613 crit.
503 2574 531 2630 p.
563 2555 619 2629 28,
654 2553 764 2632 Preger
795 2553 1023 2631 programmatis
1060 2553 1147 2612 modo
1184 2550 1270 2611 allati

259 2662 288 2718 p.
313 2643 354 2700 28
378 2659 450 2719 sqq,
474 2643 525 2702 sed
553 2641 692 2718 quoniam
719 2661 773 2702 nec
801 2641 910 2702 Suidae
937 2661 991 2702 uec
1014 2640 1152 2723 Πατρέων
1179 2640 1270 2700 verba

259 2729 316 2790 nili
338 2729 406 2790 usui
428 2734 497 2790 sunt
519 2730 674 2790 Laurentii
695 2729 805 2790 librum
826 2730 982 2790 restituere
1001 2730 1185 2805 conantibus,
1206 2747 1270 2788 rem

260 2821 359 2882 aotam
391 2837 478 2897 agere
509 2839 569 2879 non
605 2820 694 2895 libet3
729 2819 785 2880 hoc
820 2822 939 2878 tantum
970 2838 1122 2894 moneam,
1155 2822 1271 2878 utrum·

260 2927 319 2984 que
342 2910 495 2967 auctorem
521 2908 629 2967 adiisse
659 2907 773 2968 codices
802 2910 970 2968 nostrorum
1000 2907 1120 2985 quidem
1149 2906 1270 2980 similes,

257 2997 311 3056 sed
334 3015 393 3055 non
416 2997 546 3074 eosdem;
569 2997 630 3058 alio
653 3016 689 3056 ex
710 2998 792 3062 fonte
815 2997 923 3056 hausta
945 3015 1008 3056 esse
1032 3015 1079 3072 ea,
1103 2995 1209 3072 quibus
1232 2994 1270 3054 ab

260 3086 341 3145 Ret
364 3085 621 3145 Tischendorfiano
651 3085 820 3162 discrepant
849 3083 955 3145 Suidas
986 3089 1016 3145 et
1043 3084 1172 3165 Hdcpcu3
1202 3101 1271 3161 pro·

260 3175 329 3252 pius
352 3172 391 3232 ad
413 3172 608 3234 Laurentium
635 3173 772 3234 accedere
800 3172 934 3251 Suidam,
961 3174 1079 3253 longius
1107 3173 1145 3234 ab
1169 3193 1203 3234 eo
1226 3170 1271 3230 di-

262 3267 341 3324 stare
363 3261 487 3346 ῌᾶτρια.

330 3350 463 3427 Cumque
490 3351 546 3412 hoc
571 3352 637 3411 loco
664 3348 852 3411 inciderimus
879 3351 911 3410 in
934 3349 1042 3411 Suidae
1070 3349 1271 3430 lexicographi

336 3553 346 3587 ¹
370 3554 561 3612 intercessisse
588 3555 675 3612 talem
700 3555 825 3612 codicem
853 3556 928 3611 inter
951 3555 1060 3625 Lydum
1085 3558 1114 3610 ct
1138 3553 1270 3610 Tischer-

261 3624 416 3680 donianum
435 3626 507 3683 dixit
525 3627 664 3683 Traubius
682 3643 802 3697 quoque,
819 3626 926 3684 Libam.
947 3626 1006 3682 crit.
1026 3646 1053 3698 p.
1073 3632 1115 3680 29.
