2790 4214
557 295 802 351 οωωωιιυυο
1139 301 1181 366 35

173 463 345 544 αἰσθήσεις
366 456 422 524 καὶ
444 459 482 523 τὸ
505 460 694 544 φωνητικὸν
716 462 862 546 όργανου
884 461 939 526 καλ
966 460 1020 527 έπὶ
1041 473 1121 529 πᾶσι
1144 465 1181 530 τὸ
1195 473 1221 527 Χ

172 569 321 650 γόνιμον.
365 563 421 630 καλ
444 566 480 630 τὸ
503 575 571 630 πᾶν
593 562 630 631 δέ
648 575 746 632 τοῦτο
771 566 807 632 ἐν
827 565 906 632 ἑπτά
933 575 1122 654 θεωρεῖται·
1145 571 1182 636 ἐν

172 673 297 757 σώματι
313 671 349 737 ἐν
367 673 536 738 διαστάσει
559 671 596 737 ἐν
618 675 758 758 σχήματι
777 673 813 738 ἐν
831 672 966 759 μεγέθει
984 674 1021 740 ἐυ
1035 678 1182 762 χρώματι

173 779 210 844 ἐν
231 783 360 863 κινήσει
386 778 424 844 ἐν
452 780 577 844 στάσει·
607 777 663 844 καὶ
693 761 783 863 παρά
814 789 917 846 ταῦτα
940 777 1041 847 οὐδὲν
1068 781 1182 870 ἕτερον

173 884 357 970 συμβέβηκε
374 896 444 962 τοῖς
462 884 655 971 ὁρωμένοις·
681 889 833 972 τῶνγὰρ
857 889 1027 971 αἰσθητῶν
1049 891 1089 954 τά
1113 907 1181 956 στε-
1208 918 1220 958 ι

173 994 231 1078 ρεδι
253 993 518 1078 προύπινοεῖται,
545 1003 613 1057 τῶν
636 988 673 1057 δὲ
702 1004 844 1079 στερεῶν
865 996 906 1059 τά
934 993 1085 1080 ἐπίπεδα,
1114 1008 1182 1062 τῶν

172 1094 210 1163 δὲ
242 1097 408 1165 ἐπιπέδων
440 1101 474 1164 αλ
505 1098 709 1184 ἐπιφάνειαι,
746 1111 813 1164 τῶν
849 1096 886 1164 δέ
918 1100 1120 1185 ἐπιφανειῶν
1147 1105 1181 1168 αλ

172 1209 329 1291 γραμμαί,
352 1216 419 1270 τῶν
443 1201 479 1270 δὲ
501 1215 662 1290 γραμμῶν
685 1206 719 1270 αἱ
738 1209 881 1290 στιγμαί,
894 1217 962 1271 τῶν
980 1203 1018 1272 δέ
1036 1221 1182 1293 στιγμῶν

173 1313 206 1377 ολ
224 1311 381 1397 ἀριθμοί,
408 1315 443 1378 οἳ
465 1312 507 1394 δή
529 1309 585 1376 καὶ
607 1320 654 1399 τῷ
673 1312 798 1395 σώματι
825 1313 1056 1396 τυγχάνουσιν.
1102 1311 1181 1380 ἑπτά

173 1414 211 1483 δέ
237 1416 292 1483 καλ
320 1428 443 1503 φωνῶν
469 1421 661 1502 μεταβολαί,
692 1415 782 1496 ὀξεῖα
809 1413 924 1502 βαρεῖα
951 1419 1181 1505 περισπωμένη
1195 1451 1221 1490 10

174 1525 393 1609 σύμφθογγος
420 1525 502 1606 ψιλή
529 1547 564 1589 τε
590 1521 646 1588 καὶ
677 1525 785 1609 μακρά
812 1522 867 1588 καὶ
889 1528 1034 1611 βραχεῖα.
1079 1529 1181 1593 ἔνθεν
1194 1540 1252 1592 ΧΥ

173 1628 228 1696 καλ
255 1632 295 1696 τδ
318 1628 486 1714 ἑπτάμηνα
508 1628 615 1715 βρέφη
644 1635 925 1713 τελειογονείσθαι
951 1623 1118 1717 πέφυκεν,Ι
1137 1634 1181 1710 ὡς

169 1735 383 1823 Ἱπποκράτης
399 1733 502 1818 λέγει·
525 1735 545 1819 ή
564 1737 627 1821 γάρ
646 1745 706 1802 τοῦ
724 1735 872 1822 ἀριθμοῦ
894 1740 1099 1822 ήυχογονική
1123 1740 1180 1804 δύ·
1193 1751 1274 1806 XYS

172 1867 270 1927 ναμις
301 1844 341 1908 τά
374 1840 541 1927 ἑπτάμηνα
570 1841 678 1908 τέλεια
710 1841 902 1928 ἀποφαίνει,
939 1845 1026 1910 διότι
1057 1850 1181 1925 τελείας

172 1951 327 2036 περίοδος
354 1958 530 2035 σφαιρικής
557 1948 691 2037 ἀριθμῷ
720 1953 833 2038 τελείφ
860 1948 916 2014 καὶ
942 1960 1103 2040 κοσμικῷ,
1134 1961 1181 2042 τςῖ
1195 1973 1221 2013 15

173 2063 444 2143 ψυχοκρατητικῷ
475 2053 530 2120 καλ
559 2064 771 2144 ψυχογονικῷ
802 2054 999 2142 περιέχεται·
1031 2055 1086 2122 καλ
1117 2060 1180 2144 γάρ

173 2164 234 2246 τήν
265 2164 375 2247 ψυχήν
404 2162 422 2226 ὁ
459 2165 594 2246 Τίμαιος
622 2160 654 2239 ἐξ
688 2160 767 2226 ἕπτδι
804 2161 958 2247 άριθμῶν
995 2162 1181 2248 συνέστησε.

173 2267 228 2334 καλ
251 2272 396 2352 κινήσεις
418 2265 456 2332 δὲ
479 2269 514 2332 αλ
536 2277 638 2333 πᾶσαι
657 2271 756 2352 μόναι
779 2267 865 2333 εἰσὶν
893 2266 987 2351 ἑπτά,
1010 2269 1031 2351 ή
1054 2293 1089 2334 τε
1112 2271 1179 2336 άυω
1194 2283 1244 2338 XS

172 2376 194 2458 ή
212 2398 247 2440 τε
269 2375 367 2459 κάτω,
388 2373 409 2457 ἡ
427 2373 570 2452 ἐπιδέξια
588 2374 608 2457 ή
627 2373 781 2458 εὐώνυμα
803 2374 949 2459 ήπρόσω
966 2374 986 2458 ή
1004 2378 1144 2441 κατόπιν
1159 2376 1179 2461 ή

174 2481 211 2547 ἐν
233 2482 351 2569 κόκλφ.
397 2484 569 2565 στοιχείων
601 2477 637 2545 δὲ
664 2483 704 2545 τδι
736 2482 909 2564 φωνήεντα
941 2478 1035 2565 ἑπτά,
1069 2481 1179 2566 ἐπειδή
1194 2499 1250 2554 ΧΥ

172 2586 227 2653 καλ
255 2587 288 2666 ἐξ
316 2586 443 2652 ἑαυτῶν
470 2590 555 2653 ἔοικε
583 2593 770 2671 φωνεῑσθαι
797 2585 851 2650 καλ
874 2597 943 2662 τοῖς
966 2588 1078 2664 ἄλλοις
1101 2605 1179 2654 συν-
1193 2615 1219 2654 οι

243 2728 267 2764 v.
289 2715 321 2762 12
339 2707 524 2778 Hippocrabes
538 2709 602 2776 περὶ
622 2707 781 2776 ἑπτάμηνον
795 2708 838 2761 ed.
852 2707 936 2761 Ksihn
950 2708 1036 2779 1444,
1052 2709 1086 2764 cf.
1101 2709 1179 2764 Diels

172 2781 294 2850 Doxogr.
309 2799 349 2850 gr.
364 2786 436 2834 428⁸
447 2786 488 2848 16,
502 2779 541 2832 b1
616 2784 649 2832 16
667 2778 739 2834 Plat.
759 2778 829 2832 Tim.
848 2797 875 2848 p.
890 2779 958 2833 361)

242 2905 267 2941 v.
288 2893 303 2939 3
323 2888 426 2955 σώμασι
445 2887 480 2955 A,
499 2887 603 2955 σώματι
617 2887 659 2957 A,
680 2902 767 2956 marg.
787 2886 814 2938 Β
887 2891 902 2939 6
920 2891 1139 2954 προϋπονοεῑται
1152 2888 1179 2940 A

173 2963 189 3012 9
209 2959 329 3026 σώματοι
347 2956 515 3028 τυχάνουσιν
532 2958 568 3024 Α,
593 2955 733 3026 ἀσώματοι
752 2955 785 3011 oi.
805 2955 856 3011 Gu.
875 2956 954 3011 Kxoll
1027 2964 1059 3011 12
1078 2957 1180 3012 καὶτὰ

174 3026 318 3098 ἑπτάμηνα
337 3027 367 3082 δέ
384 3031 619 3098 τελειογονεῑσθαι
643 3028 672 3081 Y
688 3030 692 3098 Ι
713 3029 749 3090 ὡς
763 3025 949 3097 Ἱπποκράτης
966 3025 1037 3099 λέγει
1056 3027 1134 3082 omis,
1154 3029 1183 3081 Y

174 3105 207 3152 13
227 3098 269 3153 ότι
296 3099 313 3169 ἡ
336 3107 385 3153 τοῦ
409 3100 533 3168 ἀριθμοῦ
560 3098 743 3170 ψυχαγωγική
767 3097 863 3154 inc.S
889 3101 894 3169 Ι
922 3099 1104 3169 ψυχαγωγική
1124 3097 1182 3152 XS

174 3176 206 3224 15
226 3168 359 3239 περιόδου
378 3171 410 3223 Χ
417 3171 446 3223 Y
459 3171 463 3241 Ι
478 3171 527 3224 καὶ
545 3170 657 3239 ἀριθμῶ
676 3171 708 3224 Χ
784 3175 816 3222 16
835 3173 1065 3240 ψυχοιιρατητικῷ
1083 3187 1112 3222 τε
1131 3170 1179 3223 καλ

178 3241 207 3295 Y
276 3247 307 3295 17
324 3238 470 3310 συνέστηκε
489 3242 516 3294 Β
589 3246 622 3294 18
641 3242 689 3296 καὶ
707 3239 876 3307 κινήσεις-
890 3245 924 3293 20
943 3240 973 3295 έν
991 3240 1080 3312 κόκλφ
1099 3238 1177 3294 omis.

178 3312 223 3383 ΥΙ
239 3311 271 3366 δὲ
290 3311 367 3366 omis.
386 3312 409 3368 S
427 3313 430 3381 Ι
451 3309 535 3380 μόναι
554 3311 631 3366 omis,
651 3312 691 3382 Sl
707 3310 776 3366 ἑπτά
795 3311 864 3365 εἰσιν
882 3311 905 3365 S
919 3313 922 3381 Ι
938 3310 956 3380 ἡ
975 3311 1064 3364 κόκλω
1082 3309 1100 3379 ή
1119 3309 1178 3364 άνω

173 3382 190 3452 ἡ
205 3382 279 3438 κάτω
298 3384 347 3437 κοιλ
365 3383 395 3437 αἱ
414 3382 476 3453 ἑξῆς
490 3384 538 3438 καλ
556 3381 621 3437 οὐδὲ
640 3381 658 3452 ή
677 3381 787 3438 ὑδάτων
806 3385 841 3451 (p.
857 3387 900 3450 36,
915 3381 978 3451 5)S
1048 3385 1080 3433 19
1100 3380 1178 3446 δεξιά

172 3454 208 3544 Α,
228 3453 273 3508 ἐπὶ
288 3451 366 3519 δέξια
380 3455 408 3508 Β
424 3456 427 3524 Ι
443 3456 492 3509 καλ
506 3455 634 3522 εὐώνυμα
649 3454 676 3506 Β
693 3456 696 3523 Ι
712 3455 760 3508 καλ
773 3450 892 3514 κατόπιν
906 3453 933 3505 Β
1005 3457 1039 3505 20
1053 3453 1101 3506 καλ
1119 3473 1177 3521 φω-

173 3544 274 3592 νηεντα
293 3523 324 3579 δὲ
343 3522 425 3592 ἑπτά,
448 3525 519 3594 άπερ
538 3525 567 3590 ἐξ
586 3524 692 3580 ἑαυτῶν
711 3531 859 3593 φωνοῦντα
880 3532 938 3584 τοῖς
956 3520 1006 3591 μέν
1023 3521 1179 3593 ἡμιφώνοις

173 3593 367 3664 συναπτόμενα
386 3595 543 3665 ἀναπληροῖ
560 3596 591 3651 τὸ
611 3592 720 3664 ἐνδέον,
742 3603 800 3656 τοῖς
823 3592 854 3648 δέ
877 3594 1003 3663 ἀφώνοις
1019 3591 1112 3662 τρέπει
1130 3596 1177 3649 καὶ

173 3670 228 3722 κτλ.
248 3669 284 3736 (p.
299 3672 341 3736 36,
357 3669 383 3737 3)
406 3667 435 3720 Y

978 3753 1013 3808 3*
