2790 4214
382 311 491 366 LIBER
508 311 684 378 QUARTUS.
711 311 911 367 IANUARIUS
1112 312 1155 378 65

147 476 349 562 πραγμάτων
376 473 480 559 φησὶν
507 475 610 540 αὐτὸν
635 477 725 561 παρὰ
750 476 913 551 Θοόσιιοις
937 475 1082 562 οὐρανὸν
1105 474 1156 541 λό-
1170 485 1197 540 X

149 588 269 665 γεσθαι
291 581 347 648 καὶ
371 584 496 668 ἔφορον
517 582 624 664 πάσης
646 581 794 669 πράξεως
815 580 871 647 οιαὶ
890 582 1082 670 Ποπάνωνα
1101 583 1157 648 όιά

146 692 184 755 τὸ
208 689 245 754 ἐν
264 698 336 764 ταῖς
353 687 542 764 Καλένὸαις
564 687 791 774 ἀναφέρεσθαι
809 691 950 753 πόπανα.
993 691 1157 772 Φοντήϊος

146 792 184 861 δέ
213 795 250 860 έν
279 803 325 882 τῷ
351 793 427 880 περὶ
455 793 652 878 ἀγαλμάτων
683 795 810 880 ἔφορον
836 793 940 860 αὐτὸν
967 801 1070 860 ολεται
1097 804 1157 861 τοῦ

148 902 271 979 παντὸς
302 903 426 988 χρόνον
458 901 651 986 τυγχάνειν,
687 900 742 966 καὶ
775 901 877 988 ταότη
914 903 1157 986 ἀωδεκάβωμον
1184 927 1197 966 ε

147 1004 234 1074 εἶναι
262 1008 320 1072 τὸν
347 1007 451 1072 αὐτοῦ
477 1008 561 1072 ναὸν
588 1008 670 1072 κατὰ
692 1008 753 1072 τὸν
774 1017 842 1071 τῶν
864 1018 979 1091 μηνῶν
1001 1007 1156 1094 ἀριθμόν.

148 1115 166 1181 ὁ
190 1110 227 1179 δέ
251 1114 374 1197 Γάβως
396 1113 527 1190 Βάσσος
549 1113 655 1200 ἐντῷ
676 1111 752 1199 περὶ
775 1120 866 1179 θεῶν
888 1114 1032 1198 δαίμονα
1053 1113 1156 1179 αὐτὸν
1169 1124 1218 1179 XS

147 1215 233 1286 εἶναι
260 1223 384 1304 νομίζει
406 1217 606 1303 τεταγμένον
629 1217 682 1284 ἐπὶ
705 1229 766 1284 τοῦ
784 1217 891 1306 ἀέρος,
912 1217 969 1284 καὶ
987 1218 1030 1284 δι’
1054 1219 1157 1285 αὐτοῦ

148 1329 205 1404 τάς
227 1338 295 1392 τῶν
317 1325 508 1412 ἀνθρώπων
525 1325 623 1409 εὐχάς
645 1325 873 1412 ἀναφέρεσθαι
894 1336 964 1401 τοῖς
981 1329 1157 1411 κρείττοσι·

146 1433 249 1518 ταότη
273 1432 437 1518 ὃίμορφος
460 1426 546 1497 εἶναι
568 1429 695 1514 λέγεται
715 1433 751 1496 έιι
773 1454 808 1496 τε
829 1441 888 1516 τῆς
909 1433 993 1518 πρὸς
1014 1431 1099 1516 ἡμᾶς
1121 1433 1157 1496 ἔτι
1172 1461 1197 1499 10

146 1562 183 1603 τε
206 1547 263 1622 τῆς
285 1539 367 1623 πρὸς
390 1539 625 1615 θεοὺςόψεως.
666 1535 721 1601 καὶ
740 1536 777 1602 ἐν
794 1546 834 1624 τῇ
852 1536 929 1603 καθ’
950 1537 1036 1622 ἡμᾶς
1056 1542 1189 1604 (Dola-S

17 1633 23 1640 “
148 1646 285 1731 ὃελφείηι
314 1646 364 1709 ἔτι
391 1641 446 1708 καὶ
476 1653 541 1708 νῦν
568 1650 660 1728 ἴχνος
686 1652 744 1728 τῆς
770 1643 985 1730 ἀρχαιότητος
1012 1645 1158 1724 σώζεται·

149 1751 187 1816 ἐν
204 1752 268 1837 γάρ
287 1759 326 1837 τῇ
344 1747 449 1837 ἡμέρᾳ
464 1760 532 1816 τῶν
544 1751 727 1816 Καλενάῶν
739 1753 870 1836 πρόεισι
884 1749 1159 1837 ἐσχηματισμένος

149 1856 250 1933 αὐτὸς
275 1858 383 1941 δῆθεν
405 1855 548 1933 ὁἸανὸς
571 1856 608 1922 ἐν
631 1857 783 1945 ὃιμόρφφ
808 1859 987 1946 προσώπω,
1012 1857 1067 1924 ιιαὶ
1090 1863 1158 1923 Σα-

148 1973 294 2050 τοῦρνον
330 1963 434 2028 αὐτὸν
469 1968 630 2030 καλοῦσιν
667 1954 741 2028 οἷον
771 1965 915 2048 Κρόνον.
970 1965 988 2029 ὅ
1024 1988 1062 2048 γε
1092 1967 1197 2051 μηνΧ

138 2071 333 2147 Λουτάτιος
356 2069 478 2136 Ἥλιον
512 2070 601 2155 παρά
636 2070 674 2134 τὸ
709 2067 862 2156 ἑκατέρας
896 2071 1002 2153 πύλης
1032 2069 1158 2158 ἀρχειν,
1172 2101 1198 2140 1ο

149 2175 312 2260 ἀνατολῆς
342 2183 421 2253 ἴσως
450 2174 504 2241 καὶ
534 2177 668 2252 δύσεως.
718 2174 800 2261 φασὶ
828 2172 865 2240 δὲ
887 2177 947 2242 τὸν
974 2175 1077 2242 αὐτὸν
1102 2176 1157 2243 οιαὶ

148 2285 276 2368 ἔφορον
296 2293 364 2348 τῶν
386 2281 439 2348 ἐπὶ
461 2285 607 2367 πόλεμον
628 2283 808 2368 ὁρμώντων
830 2283 1007 2366 τυγχάνειν
1028 2281 1083 2348 καὶ
1102 2285 1158 2348 όιά

148 2385 212 2473 μὲν
243 2397 301 2473 τῆς
332 2398 409 2474 μιᾶς
438 2391 545 2467 ὄψεως
574 2387 779 2474 ἀποπέμπειν
808 2389 864 2453 διὰ
894 2385 931 2453 δὲ
960 2398 1018 2473 τῆς
1047 2388 1158 2476 ἑτέρας

147 2494 388 2560 ἀνακαλεῖσθαι
423 2495 461 2559 τὸ
496 2495 688 2580 στράτευμα
747 2495 765 2561 ὁ
798 2490 835 2559 δὲ
867 2493 1107 2580 Πραιτέξτατος
1139 2497 1198 2564 ὁεο

148 2602 361 2688 ἱεροφάντης,
384 2600 402 2667 ὁ
427 2602 598 2689 Σωπάτρφ
621 2626 656 2668 τε
677 2609 724 2690 τςό
746 2606 879 2688 τελεστη
902 2600 957 2666 καὶ
979 2606 1158 2669 Κωνσταν-

146 2707 228 2796 τίνῳ
255 2716 302 2795 τῷ
329 2707 555 2794 αάτοκράτωρι
582 2706 757 2792 συλλαβὼν
784 2706 838 2773 ἐπὶ
865 2717 911 2796 τῷ
932 2715 1083 2798 πολισμῷ
1100 2719 1158 2794 της

219 2936 243 2972 v.
259 2924 274 2972 ‘1
294 2916 398 2972 Gavius
411 2917 514 2972 Bassus
534 2917 567 2972 cf.
582 2917 705 2973 Macrob.
721 2918 772 2973 Sat
792 2918 813 2989 I,
833 2925 906 2988 9,13
975 2925 1008 2973 16
1026 2918 1157 2974 Lutatius

148 2988 265 3043 Catulus
283 2988 317 3043 fr.
333 2994 348 3042 ‘l
367 2988 450 3042 Peter
467 2987 550 3042 ΗΒΕ
568 3007 594 3058 p
611 2995 660 3043 12⁷

219 3201 244 3237 v.
264 3181 440 3239 ἀποπάωνα
468 3184 496 3237 Β
590 3189 606 3237 3
656 3182 784 3252 ροντήϊος
811 3185 852 3253 X,
882 3185 1017 3253 Φοντήιος
1038 3184 1159 3238 Wachs-

146 3254 514 3346 mpthdeostflpXXVI
589 3204 823 3381 Ὶάἀὸόγάβ
786 3253 919 3327 άβ-ιος
938 3206 1133 3324 15n96v0vS

148 3322 230 3416 γάϊος
246 3325 330 3396 AB,
348 3327 445 3416 γαβιος
463 3327 490 3380 A
506 3328 510 3397 Ι
526 3325 613 3380 αότόν
631 3324 748 3381 omiS.S
817 3332 833 3380 8
852 3322 925 3381 εἶναι
942 3326 992 3381 τόν
1011 3325 1093 3380 ἴανον
1111 3326 1133 3381 S

149 3395 188 3450 δι’
210 3397 287 3451 αάτῶ
303 3397 344 3463 A,
366 3395 405 3451 δι’
427 3395 513 3452 αὐτόν
531 3397 569 3468 A,
590 3412 726 3522 ωεαχ...
752 3403 785 3450 10
804 3396 835 3451 ἐν
856 3405 905 3467 της
926 3415 948 3450 π
949 3397 997 3466 ρὸς
1020 3397 1106 3460 θεοὺς
1128 3396 1158 3451 ἔκ

147 3485 178 3521 τε
196 3475 245 3536 τῆς
262 3467 333 3560 πρὸς
349 3467 462 3536 ἡμάςῧ
533 3473 563 3521 11
584 3467 633 3522 καὶ
741 3473 774 3521 15
792 3487 826 3535 ιιρ
828 3465 895 3522 όνον
916 3467 994 3522 omis
1014 3469 1056 3537 X,
1080 3466 1157 3523 ὅτιὸ

148 3539 324 3608 συγγραφεὺς
341 3547 397 3593 τῶν
413 3539 547 3593 τοιούτων
566 3539 653 3607 φησὶν
675 3536 718 3592 ότι
737 3537 768 3593 ἐν
785 3539 869 3607 τῆδ,
892 3538 972 3592 καλέ
973 3559 990 3592 ν
1007 3547 1040 3610 τῇ
1060 3539 1158 3610 scripsi

150 3615 183 3663 16
208 3608 240 3663 τὸ
270 3606 449 3677 ἑκτέραςΑ,
408 3607 522 3679 Αφ’ἐ
548 3607 681 3677 ἑκατέρας
706 3610 750 3681 A,
780 3625 881 3679 marg,
913 3609 944 3663 τὸ
972 3607 1103 3679 ἑκατέρας
1130 3613 1157 3665 Β

148 3686 182 3733 21
201 3683 293 3749 τελετῇ
312 3680 340 3733 Β

202 3779 284 3820 Imm
299 3779 334 3820 ed.
347 3779 415 3820 Wue
421 3779 497 3820 nach.
982 3777 997 3824 5
