<?xml version="1.0" encoding="UTF-8"?>
<!DOCTYPE html PUBLIC "-//W3C//DTD XHTML 1.0 Transitional//EN"
    "http://www.w3.org/TR/xhtml1/DTD/xhtml1-transitional.dtd">
<html xmlns="http://www.w3.org/1999/xhtml" xml:lang="en" lang="en">
 <head>
  <title>
</title>
<meta http-equiv="Content-Type" content="text/html;charset=utf-8" />
  <meta name='ocr-system' content='tesseract 3.04.00' />
  <meta name='ocr-capabilities' content='ocr_page ocr_carea ocr_par ocr_line ocrx_word'/>
</head>
<body>
  <div class='ocr_page' id='page_1' title='image "./ioannislaurenti02wuengoog_0012.png"; bbox 0 0 2788 4222; ppageno 0'>
   <div class='ocr_carea' id='block_1_1' title="bbox 559 265 763 322">
    <p class='ocr_par' dir='ltr' id='par_1_1' title="bbox 559 265 763 322">
     <span class='ocr_line' id='line_1_1' title="bbox 559 265 763 322; baseline 0 0"><span class='ocrx_word' id='word_1_1' title='bbox 559 265 763 322; x_wconf 81' lang='lat' dir='ltr'><strong>PRAEFATIO</strong></span> 
     </span>
    </p>
   </div>
   <div class='ocr_carea' id='block_1_2' title="bbox 382 434 939 496">
    <p class='ocr_par' dir='ltr' id='par_1_2' title="bbox 382 434 939 496">
     <span class='ocr_line' id='line_1_2' title="bbox 382 434 939 496; baseline -0.007 0"><span class='ocrx_word' id='word_1_2' title='bbox 382 434 406 496; x_wconf 94' lang='grc' dir='ltr'>Ο</span> <span class='ocrx_word' id='word_1_3' title='bbox 912 434 939 492; x_wconf 88' lang='lat' dir='ltr'>Y</span> 
     </span>
    </p>
   </div>
   <div class='ocr_carea' id='block_1_3' title="bbox 154 555 1166 1063">
    <p class='ocr_par' dir='ltr' id='par_1_3' title="bbox 155 555 1165 644">
     <span class='ocr_line' id='line_1_3' title="bbox 155 555 1165 644; baseline -0.004 -22"><span class='ocrx_word' id='word_1_4' title='bbox 155 557 270 644; x_wconf 72' lang='grc' dir='ltr'><strong><em>θυ&gt;σίρι</em></strong></span> <span class='ocrx_word' id='word_1_5' title='bbox 293 557 477 639; x_wconf 82' lang='grc' dir='ltr'><strong><em>δεξιούμενοι</em></strong></span> <span class='ocrx_word' id='word_1_6' title='bbox 499 558 549 620; x_wconf 79' lang='lat' dir='ltr'><strong>aul</strong></span> <span class='ocrx_word' id='word_1_7' title='bbox 572 569 633 643; x_wconf 99' lang='grc' dir='ltr'><strong>πῦρ</strong></span> <span class='ocrx_word' id='word_1_8' title='bbox 687 555 737 619; x_wconf 82' lang='grc' dir='ltr'><strong>καὶ</strong></span> <span class='ocrx_word' id='word_1_9' title='bbox 768 557 817 618; x_wconf 75' lang='grc' dir='ltr'><strong>διὰ</strong></span> <span class='ocrx_word' id='word_1_10' title='bbox 849 566 901 617; x_wconf 92' lang='grc' dir='ltr'><strong>τοῦ</strong></span> <span class='ocrx_word' id='word_1_11' title='bbox 933 555 1027 639; x_wconf 88' lang='grc' dir='ltr'><strong><em>πυρὸς</em></strong></span> <span class='ocrx_word' id='word_1_12' title='bbox 1064 556 1165 631; x_wconf 85' lang='grc' dir='ltr'><strong><em>αὐτοῖς</em></strong></span> 
     </span>
    </p>

    <p class='ocr_par' dir='ltr' id='par_1_4' title="bbox 155 645 1166 729">
     <span class='ocr_line' id='line_1_4' title="bbox 155 645 1166 729; baseline -0.004 -20"><span class='ocrx_word' id='word_1_13' title='bbox 155 647 296 729; x_wconf 77' lang='grc' dir='ltr'><strong><em>ι’ῖσβεστον</em></strong></span> <span class='ocrx_word' id='word_1_14' title='bbox 336 645 459 728; x_wconf 82' lang='grc' dir='ltr'><strong><em>αῦ&lt;τοῖς</em></strong></span> <span class='ocrx_word' id='word_1_15' title='bbox 501 645 633 729; x_wconf 80' lang='grc' dir='ltr'><strong><em>ἀνα&gt;φέ-</em></strong></span> <span class='ocrx_word' id='word_1_16' title='bbox 688 645 957 719; x_wconf 82' lang='grc' dir='ltr'><strong><em>ἀπαθανατίζοντες</em></strong></span> <span class='ocrx_word' id='word_1_17' title='bbox 993 645 1044 718; x_wconf 82' lang='grc' dir='ltr'><strong>τὰς</strong></span> <span class='ocrx_word' id='word_1_18' title='bbox 1082 645 1166 724; x_wconf 77' lang='grc' dir='ltr'><strong><em>τιμὰς</em></strong></span> 
     </span>
    </p>

    <p class='ocr_par' dir='ltr' id='par_1_5' title="bbox 155 732 1165 818">
     <span class='ocr_line' id='line_1_5' title="bbox 155 732 1165 818; baseline -0.002 -20"><span class='ocrx_word' id='word_1_19' title='bbox 155 761 255 818; x_wconf 87' lang='grc' dir='ltr'><strong><em>ροντες</em></strong></span> <span class='ocrx_word' id='word_1_20' title='bbox 269 735 309 810; x_wconf 84' lang='grc' dir='ltr'><strong>ὡς</strong></span> <span class='ocrx_word' id='word_1_21' title='bbox 326 737 362 799; x_wconf 72' lang='grc' dir='ltr'><strong>’ὃν</strong></span> <span class='ocrx_word' id='word_1_22' title='bbox 377 732 500 816; x_wconf 84' lang='grc' dir='ltr'><strong><em>αῦτο&lt;ῖς</em></strong></span> <span class='ocrx_word' id='word_1_23' title='bbox 514 734 634 817; x_wconf 79' lang='grc' dir='ltr'><strong><em>ὁ&gt;μοιό-</em></strong></span> <span class='ocrx_word' id='word_1_24' title='bbox 688 735 738 796; x_wconf 85' lang='grc' dir='ltr'><strong><em>καὶ</em></strong></span> <span class='ocrx_word' id='word_1_25' title='bbox 760 744 820 817; x_wconf 93' lang='grc' dir='ltr'><strong>πῦρ</strong></span> <span class='ocrx_word' id='word_1_26' title='bbox 843 733 875 795; x_wconf 84' lang='grc' dir='ltr'><strong>ἕν</strong></span> <span class='ocrx_word' id='word_1_27' title='bbox 898 741 960 807; x_wconf 90' lang='grc' dir='ltr'><strong><em>τοῖς</em></strong></span> <span class='ocrx_word' id='word_1_28' title='bbox 982 735 1071 817; x_wconf 80' lang='grc' dir='ltr'><strong><em>ἱεροῖς</em></strong></span> <span class='ocrx_word' id='word_1_29' title='bbox 1091 734 1165 812; x_wconf 74' lang='grc' dir='ltr'><em>ἐφύ-</em></span> 
     </span>
    </p>

    <p class='ocr_par' dir='ltr' id='par_1_6' title="bbox 154 821 1166 1063">
     <span class='ocr_line' id='line_1_6' title="bbox 154 821 1165 902; baseline -0.003 -15"><span class='ocrx_word' id='word_1_30' title='bbox 154 823 261 888; x_wconf 87' lang='grc' dir='ltr'><strong><em>τατον.’</em></strong></span> <span class='ocrx_word' id='word_1_31' title='bbox 688 829 792 884; x_wconf 80' lang='grc' dir='ltr'><strong><em>λαντον</em></strong></span> <span class='ocrx_word' id='word_1_32' title='bbox 815 823 916 897; x_wconf 81' lang='grc' dir='ltr'><strong><em>αὐτοῖς</em></strong></span> <span class='ocrx_word' id='word_1_33' title='bbox 938 821 1101 902; x_wconf 79' lang='grc' dir='ltr'><strong><em>ἀθάνατον,</em></strong></span> <span class='ocrx_word' id='word_1_34' title='bbox 1125 821 1165 896; x_wconf 81' lang='grc' dir='ltr'><strong>ὡς</strong></span> 
     </span>
     <span class='ocr_line' id='line_1_7' title="bbox 688 910 1166 992; baseline -0.002 -18"><span class='ocrx_word' id='word_1_35' title='bbox 688 912 725 974; x_wconf 71' lang='grc' dir='ltr'><strong>ὃν</strong></span> <span class='ocrx_word' id='word_1_36' title='bbox 763 913 884 991; x_wconf 79' lang='grc' dir='ltr'><strong><em>μάλιστα</em></strong></span> <span class='ocrx_word' id='word_1_37' title='bbox 927 912 1028 985; x_wconf 81' lang='grc' dir='ltr'><strong><em>αὐτοῖς</em></strong></span> <span class='ocrx_word' id='word_1_38' title='bbox 1067 910 1166 992; x_wconf 84' lang='grc' dir='ltr'><strong><em>ὁμοιό-</em></strong></span> 
     </span>
     <span class='ocr_line' id='line_1_8' title="bbox 688 998 796 1063; baseline 0 -2"><span class='ocrx_word' id='word_1_39' title='bbox 688 998 796 1063; x_wconf 86' lang='grc' dir='ltr'><strong><em>τατον.’</em></strong></span> 
     </span>
    </p>
   </div>
   <div class='ocr_carea' id='block_1_4' title="bbox 154 1125 1171 3423">
    <p class='ocr_par' dir='ltr' id='par_1_7' title="bbox 154 1125 1171 3423">
     <span class='ocr_line' id='line_1_9' title="bbox 222 1125 1168 1210; baseline 0 -23"><span class='ocrx_word' id='word_1_40' title='bbox 222 1133 292 1188; x_wconf 86' lang='lat' dir='ltr'><strong>sunt</strong></span> <span class='ocrx_word' id='word_1_41' title='bbox 316 1131 418 1187; x_wconf 87' lang='lat' dir='ltr'><strong>autem</strong></span> <span class='ocrx_word' id='word_1_42' title='bbox 440 1127 599 1204; x_wconf 85' lang='lat' dir='ltr'><strong>Porphyrii</strong></span> <span class='ocrx_word' id='word_1_43' title='bbox 622 1128 712 1186; x_wconf 80' lang='lat' dir='ltr'><strong>verba</strong></span> <span class='ocrx_word' id='word_1_44' title='bbox 736 1127 771 1186; x_wconf 96' lang='lat' dir='ltr'><strong>de</strong></span> <span class='ocrx_word' id='word_1_45' title='bbox 790 1127 865 1186; x_wconf 86' lang='lat' dir='ltr'><strong>abst.</strong></span> <span class='ocrx_word' id='word_1_46' title='bbox 884 1126 967 1201; x_wconf 86' lang='lat'>11‚5:</span> <span class='ocrx_word' id='word_1_47' title='bbox 990 1125 1080 1210; x_wconf 76' lang='grc' dir='ltr'><strong><em>ταύτῃ</em></strong></span> <span class='ocrx_word' id='word_1_48' title='bbox 1098 1126 1168 1199; x_wconf 82' lang='grc' dir='ltr'><strong><em>τοὺς</em></strong></span> 
     </span>
     <span class='ocr_line' id='line_1_10' title="bbox 156 1213 1166 1300; baseline -0.002 -24"><span class='ocrx_word' id='word_1_49' title='bbox 156 1215 357 1295; x_wconf 72' lang='grc' dir='ltr'><strong><em>φαινομένους</em></strong></span> <span class='ocrx_word' id='word_1_50' title='bbox 380 1215 539 1296; x_wconf 79' lang='grc' dir='ltr'><strong><em>οὐρανίους</em></strong></span> <span class='ocrx_word' id='word_1_51' title='bbox 561 1215 653 1288; x_wconf 78' lang='grc' dir='ltr'><strong><em>θεοὺς</em></strong></span> <span class='ocrx_word' id='word_1_52' title='bbox 675 1225 711 1300; x_wconf 78' lang='grc' dir='ltr'><strong>τῇ</strong></span> <span class='ocrx_word' id='word_1_53' title='bbox 733 1215 827 1298; x_wconf 71' lang='grc' dir='ltr'><strong><em>θυσίᾳ</em></strong></span> <span class='ocrx_word' id='word_1_54' title='bbox 845 1214 1029 1293; x_wconf 82' lang='grc' dir='ltr'><strong><em>δεξιούμενοι</em></strong></span> <span class='ocrx_word' id='word_1_55' title='bbox 1045 1213 1096 1274; x_wconf 77' lang='lat' dir='ltr'><strong>aul</strong></span> <span class='ocrx_word' id='word_1_56' title='bbox 1113 1224 1166 1275; x_wconf 91' lang='grc' dir='ltr'><strong>τοῦ</strong></span> 
     </span>
     <span class='ocr_line' id='line_1_11' title="bbox 154 1302 1167 1385; baseline -0.003 -20"><span class='ocrx_word' id='word_1_57' title='bbox 154 1303 250 1385; x_wconf 89' lang='grc' dir='ltr'><strong><em>πυρὸς</em></strong></span> <span class='ocrx_word' id='word_1_58' title='bbox 273 1303 542 1378; x_wconf 77' lang='grc' dir='ltr'><strong><em>ἀπαθανατίζοντες</em></strong></span> <span class='ocrx_word' id='word_1_59' title='bbox 564 1304 664 1376; x_wconf 83' lang='grc' dir='ltr'><strong><em>αὐτοῖς</em></strong></span> <span class='ocrx_word' id='word_1_60' title='bbox 686 1303 738 1376; x_wconf 87' lang='grc' dir='ltr'><strong>τὰς</strong></span> <span class='ocrx_word' id='word_1_61' title='bbox 765 1304 859 1382; x_wconf 79' lang='grc' dir='ltr'><strong><em>τιμάς.</em></strong></span> <span class='ocrx_word' id='word_1_62' title='bbox 903 1303 1018 1376; x_wconf 80' lang='grc' dir='ltr'><strong><em>τούτοις</em></strong></span> <span class='ocrx_word' id='word_1_63' title='bbox 1039 1302 1095 1383; x_wconf 79' lang='grc' dir='ltr'><strong>γὰρ</strong></span> <span class='ocrx_word' id='word_1_64' title='bbox 1118 1302 1167 1363; x_wconf 77' lang='grc' dir='ltr'><strong>καὶ</strong></span> 
     </span>
     <span class='ocr_line' id='line_1_12' title="bbox 156 1389 1168 1474; baseline -0.001 -22"><span class='ocrx_word' id='word_1_65' title='bbox 156 1393 188 1453; x_wconf 89' lang='grc' dir='ltr'><strong>τὸ</strong></span> <span class='ocrx_word' id='word_1_66' title='bbox 211 1403 271 1474; x_wconf 92' lang='grc' dir='ltr'><strong>πῦρ</strong></span> <span class='ocrx_word' id='word_1_67' title='bbox 295 1391 448 1454; x_wconf 80' lang='grc' dir='ltr'><strong><em>ἀθάνατον</em></strong></span> <span class='ocrx_word' id='word_1_68' title='bbox 471 1393 654 1472; x_wconf 79' lang='grc' dir='ltr'><strong><em>φυλάττομεν</em></strong></span> <span class='ocrx_word' id='word_1_69' title='bbox 677 1389 709 1452; x_wconf 79' lang='grc' dir='ltr'><strong>ἕν</strong></span> <span class='ocrx_word' id='word_1_70' title='bbox 732 1397 792 1464; x_wconf 89' lang='grc' dir='ltr'><strong><em>τοῖς</em></strong></span> <span class='ocrx_word' id='word_1_71' title='bbox 810 1393 909 1472; x_wconf 88' lang='grc' dir='ltr'><strong><em>ἱεροῖς,</em></strong></span> <span class='ocrx_word' id='word_1_72' title='bbox 933 1389 973 1464; x_wconf 80' lang='grc' dir='ltr'><strong>ὡς</strong></span> <span class='ocrx_word' id='word_1_73' title='bbox 991 1391 1027 1452; x_wconf 75' lang='grc' dir='ltr'><strong>ὃν</strong></span> <span class='ocrx_word' id='word_1_74' title='bbox 1046 1392 1168 1470; x_wconf 77' lang='grc' dir='ltr'><strong><em>μάλιστα</em></strong></span> 
     </span>
     <span class='ocr_line' id='line_1_13' title="bbox 156 1479 1168 1560; baseline -0.002 -18"><span class='ocrx_word' id='word_1_75' title='bbox 156 1483 257 1554; x_wconf 81' lang='grc' dir='ltr'><strong><em>αὐτοῖς</em></strong></span> <span class='ocrx_word' id='word_1_76' title='bbox 272 1479 454 1560; x_wconf 83' lang='grc' dir='ltr'><strong><em>ὁμοιότατον,</em></strong></span> <span class='ocrx_word' id='word_1_77' title='bbox 478 1503 493 1541; x_wconf 90' lang='lat' dir='ltr'><strong>e</strong></span> <span class='ocrx_word' id='word_1_78' title='bbox 513 1482 621 1558; x_wconf 89' lang='lat' dir='ltr'><strong>quibus</strong></span> <span class='ocrx_word' id='word_1_79' title='bbox 640 1484 774 1558; x_wconf 87' lang='lat' dir='ltr'><strong>apparet,</strong></span> <span class='ocrx_word' id='word_1_80' title='bbox 797 1500 866 1540; x_wconf 87' lang='lat' dir='ltr'><strong>vere</strong></span> <span class='ocrx_word' id='word_1_81' title='bbox 879 1481 1086 1557; x_wconf 79' lang='lat' dir='ltr'><strong>Porphyriana</strong></span> <span class='ocrx_word' id='word_1_82' title='bbox 1105 1500 1168 1540; x_wconf 89' lang='lat' dir='ltr'><strong>esse</strong></span> 
     </span>
     <span class='ocr_line' id='line_1_14' title="bbox 156 1569 1168 1648; baseline -0.002 -18"><span class='ocrx_word' id='word_1_83' title='bbox 156 1591 205 1644; x_wconf 90' lang='lat' dir='ltr'><strong>ea,</strong></span> <span class='ocrx_word' id='word_1_84' title='bbox 236 1591 314 1647; x_wconf 87' lang='lat' dir='ltr'><strong>quae</strong></span> <span class='ocrx_word' id='word_1_85' title='bbox 344 1573 487 1648; x_wconf 86' lang='lat' dir='ltr'><strong>leguntur</strong></span> <span class='ocrx_word' id='word_1_86' title='bbox 509 1572 540 1629; x_wconf 89' lang='lat' dir='ltr'><strong>in</strong></span> <span class='ocrx_word' id='word_1_87' title='bbox 563 1571 590 1629; x_wconf 88' lang='lat' dir='ltr'><strong>Y</strong></span> <span class='ocrx_word' id='word_1_88' title='bbox 614 1574 643 1630; x_wconf 87' lang='lat' dir='ltr'><strong>et</strong></span> <span class='ocrx_word' id='word_1_89' title='bbox 673 1570 781 1629; x_wconf 90' lang='lat' dir='ltr'><strong>desunt</strong></span> <span class='ocrx_word' id='word_1_90' title='bbox 807 1570 839 1628; x_wconf 92' lang='lat' dir='ltr'><strong>in</strong></span> <span class='ocrx_word' id='word_1_91' title='bbox 866 1569 904 1628; x_wconf 89' lang='lat'><strong>0:</strong></span> <span class='ocrx_word' id='word_1_92' title='bbox 936 1570 998 1628; x_wconf 89' lang='lat' dir='ltr'><strong>iam</strong></span> <span class='ocrx_word' id='word_1_93' title='bbox 1026 1589 1096 1630; x_wconf 87' lang='lat' dir='ltr'><strong>vero</strong></span> <span class='ocrx_word' id='word_1_94' title='bbox 1124 1589 1168 1628; x_wconf 90' lang='lat' dir='ltr'><strong>se-</strong></span> 
     </span>
     <span class='ocr_line' id='line_1_15' title="bbox 158 1658 1167 1734; baseline -0.001 -17"><span class='ocrx_word' id='word_1_95' title='bbox 158 1660 327 1734; x_wconf 88' lang='lat' dir='ltr'><strong>quitur-</strong></span> <span class='ocrx_word' id='word_1_96' title='bbox 355 1660 413 1718; x_wconf 90' lang='lat' dir='ltr'><strong>nisi</strong></span> <span class='ocrx_word' id='word_1_97' title='bbox 441 1661 517 1720; x_wconf 82' lang='lat' dir='ltr'><strong>forte</strong></span> <span class='ocrx_word' id='word_1_98' title='bbox 547 1679 661 1719; x_wconf 87' lang='lat' dir='ltr'><strong>sumere</strong></span> <span class='ocrx_word' id='word_1_99' title='bbox 693 1659 801 1734; x_wconf 78' lang='lat' dir='ltr'><strong>maviS,</strong></span> <span class='ocrx_word' id='word_1_100' title='bbox 834 1678 852 1717; x_wconf 93' lang='lat' dir='ltr'><strong>a</strong></span> <span class='ocrx_word' id='word_1_101' title='bbox 879 1659 1008 1718; x_wconf 82' lang='lat' dir='ltr'><strong>Maximo</strong></span> <span class='ocrx_word' id='word_1_102' title='bbox 1031 1658 1167 1717; x_wconf 87' lang='lat' dir='ltr'><strong>Planude</strong></span> 
     </span>
     <span class='ocr_line' id='line_1_16' title="bbox 155 1748 1167 1824; baseline -0.001 -18"><span class='ocrx_word' id='word_1_103' title='bbox 155 1749 255 1824; x_wconf 90' lang='lat' dir='ltr'><strong>ipsum</strong></span> <span class='ocrx_word' id='word_1_104' title='bbox 276 1749 476 1824; x_wconf 73' lang='lat' dir='ltr'><strong>Porphyrium</strong></span> <span class='ocrx_word' id='word_1_105' title='bbox 499 1749 666 1807; x_wconf 88' lang='lat' dir='ltr'><strong>adhibitum</strong></span> <span class='ocrx_word' id='word_1_106' title='bbox 690 1767 752 1807; x_wconf 88' lang='lat' dir='ltr'><strong>esse</strong></span> <span class='ocrx_word' id='word_1_107' title='bbox 776 1748 814 1806; x_wconf 94' lang='lat' dir='ltr'><strong>ad</strong></span> <span class='ocrx_word' id='word_1_108' title='bbox 836 1748 1003 1824; x_wconf 87' lang='lat' dir='ltr'><strong>supplenda</strong></span> <span class='ocrx_word' id='word_1_109' title='bbox 1022 1767 1066 1822; x_wconf 91' lang='lat' dir='ltr'><strong>ea,</strong></span> <span class='ocrx_word' id='word_1_110' title='bbox 1089 1766 1167 1824; x_wconf 89' lang='lat' dir='ltr'><strong>quae</strong></span> 
     </span>
     <span class='ocr_line' id='line_1_17' title="bbox 156 1837 1168 1914; baseline -0.001 -19"><span class='ocrx_word' id='word_1_111' title='bbox 156 1837 187 1895; x_wconf 92' lang='lat' dir='ltr'><strong>in</strong></span> <span class='ocrx_word' id='word_1_112' title='bbox 211 1837 360 1896; x_wconf 80' lang='lat' dir='ltr'><strong>codicibus</strong></span> <span class='ocrx_word' id='word_1_113' title='bbox 387 1837 544 1896; x_wconf 84' lang='lat' dir='ltr'><strong>Laurentii</strong></span> <span class='ocrx_word' id='word_1_114' title='bbox 571 1838 759 1914; x_wconf 85' lang='lat' dir='ltr'><strong>legebantur:</strong></span> <span class='ocrx_word' id='word_1_115' title='bbox 790 1856 881 1913; x_wconf 88' lang='lat' dir='ltr'><strong>quam</strong></span> <span class='ocrx_word' id='word_1_116' title='bbox 908 1837 1110 1896; x_wconf 86' lang='lat' dir='ltr'><strong>coniecturam</strong></span> <span class='ocrx_word' id='word_1_117' title='bbox 1132 1840 1168 1895; x_wconf 95' lang='lat' dir='ltr'><strong>ut</strong></span> 
     </span>
     <span class='ocr_line' id='line_1_18' title="bbox 155 1925 1169 2002; baseline 0 -19"><span class='ocrx_word' id='word_1_118' title='bbox 155 1925 243 1984; x_wconf 91' lang='lat' dir='ltr'><strong>nimis</strong></span> <span class='ocrx_word' id='word_1_119' title='bbox 271 1928 440 1986; x_wconf 84' lang='lat' dir='ltr'><strong>tortuosam</strong></span> <span class='ocrx_word' id='word_1_120' title='bbox 466 1946 633 2002; x_wconf 88' lang='lat' dir='ltr'><strong>parumque</strong></span> <span class='ocrx_word' id='word_1_121' title='bbox 663 1926 848 2000; x_wconf 76' lang='lat' dir='ltr'><strong>probabilem</strong></span> <span class='ocrx_word' id='word_1_122' title='bbox 878 1944 997 2002; x_wconf 89' lang='lat' dir='ltr'><strong>prorsus</strong></span> <span class='ocrx_word' id='word_1_123' title='bbox 1026 1944 1169 2001; x_wconf 78' lang='lat' dir='ltr'><strong>aspernor</strong></span> 
     </span>
     <span class='ocr_line' id='line_1_19' title="bbox 155 2014 1167 2091; baseline 0 -19"><span class='ocrx_word' id='word_1_124' title='bbox 155 2047 198 2055; x_wconf 89' lang='lat'>—</span> <span class='ocrx_word' id='word_1_125' title='bbox 225 2015 325 2090; x_wconf 90' lang='lat' dir='ltr'><strong>ipsum</strong></span> <span class='ocrx_word' id='word_1_126' title='bbox 352 2015 522 2091; x_wconf 86' lang='lat' dir='ltr'><strong>Lydianum</strong></span> <span class='ocrx_word' id='word_1_127' title='bbox 553 2015 695 2090; x_wconf 89' lang='lat' dir='ltr'><strong>codicem,</strong></span> <span class='ocrx_word' id='word_1_128' title='bbox 729 2034 818 2089; x_wconf 91' lang='lat' dir='ltr'><strong>quem</strong></span> <span class='ocrx_word' id='word_1_129' title='bbox 848 2015 978 2090; x_wconf 78' lang='lat' dir='ltr'><strong>inspexit</strong></span> <span class='ocrx_word' id='word_1_130' title='bbox 1008 2014 1167 2090; x_wconf 87' lang='lat' dir='ltr'><strong>Planudes,</strong></span> 
     </span>
     <span class='ocr_line' id='line_1_20' title="bbox 155 2100 1167 2179; baseline 0 -18"><span class='ocrx_word' id='word_1_131' title='bbox 155 2104 320 2178; x_wconf 81' lang='lat' dir='ltr'><strong>pleniorem</strong></span> <span class='ocrx_word' id='word_1_132' title='bbox 332 2104 425 2164; x_wconf 90' lang='lat' dir='ltr'><strong>fuisse</strong></span> <span class='ocrx_word' id='word_1_133' title='bbox 444 2123 536 2179; x_wconf 87' lang='lat' dir='ltr'><strong>quam</strong></span> <span class='ocrx_word' id='word_1_134' title='bbox 553 2123 632 2162; x_wconf 91' lang='lat' dir='ltr'><strong>nunc</strong></span> <span class='ocrx_word' id='word_1_135' title='bbox 650 2107 722 2163; x_wconf 87' lang='lat' dir='ltr'><strong>sunt</strong></span> <span class='ocrx_word' id='word_1_136' title='bbox 740 2104 848 2164; x_wconf 89' lang='lat' dir='ltr'><strong>codicis</strong></span> <span class='ocrx_word' id='word_1_137' title='bbox 864 2100 888 2162; x_wconf 92' lang='grc' dir='ltr'>Ο</span> <span class='ocrx_word' id='word_1_138' title='bbox 907 2103 1061 2178; x_wconf 79' lang='lat' dir='ltr'><strong>reliquiae.</strong></span> <span class='ocrx_word' id='word_1_139' title='bbox 1094 2103 1167 2178; x_wconf 90' lang='lat' dir='ltr'><strong>quin</strong></span> 
     </span>
     <span class='ocr_line' id='line_1_21' title="bbox 156 2191 1168 2268; baseline 0.002 -19"><span class='ocrx_word' id='word_1_140' title='bbox 156 2192 247 2250; x_wconf 89' lang='lat' dir='ltr'><strong>etiam</strong></span> <span class='ocrx_word' id='word_1_141' title='bbox 269 2194 324 2252; x_wconf 91' lang='lat' dir='ltr'><strong>hoc</strong></span> <span class='ocrx_word' id='word_1_142' title='bbox 347 2194 413 2251; x_wconf 90' lang='lat' dir='ltr'><strong>luce</strong></span> <span class='ocrx_word' id='word_1_143' title='bbox 437 2197 481 2252; x_wconf 87' lang='lat' dir='ltr'><strong>est</strong></span> <span class='ocrx_word' id='word_1_144' title='bbox 504 2193 626 2268; x_wconf 85' lang='lat' dir='ltr'><strong>clarius,</strong></span> <span class='ocrx_word' id='word_1_145' title='bbox 654 2213 713 2252; x_wconf 92' lang='lat' dir='ltr'><strong>non</strong></span> <span class='ocrx_word' id='word_1_146' title='bbox 735 2195 846 2251; x_wconf 91' lang='lat' dir='ltr'><strong>temere</strong></span> <span class='ocrx_word' id='word_1_147' title='bbox 870 2192 1001 2251; x_wconf 87' lang='lat' dir='ltr'><strong>omisisse</strong></span> <span class='ocrx_word' id='word_1_148' title='bbox 1026 2191 1078 2250; x_wconf 91' lang='lat' dir='ltr'><strong>sed</strong></span> <span class='ocrx_word' id='word_1_149' title='bbox 1100 2211 1168 2251; x_wconf 91' lang='lat' dir='ltr'><strong>oon·</strong></span> 
     </span>
     <span class='ocr_line' id='line_1_22' title="bbox 155 2274 1167 2341; baseline 0.001 -3"><span class='ocrx_word' id='word_1_150' title='bbox 155 2281 236 2341; x_wconf 90' lang='lat' dir='ltr'><strong>sulto</strong></span> <span class='ocrx_word' id='word_1_151' title='bbox 257 2281 288 2339; x_wconf 90' lang='lat' dir='ltr'><strong>in</strong></span> <span class='ocrx_word' id='word_1_152' title='bbox 310 2282 428 2340; x_wconf 81' lang='lat' dir='ltr'><strong>brevius</strong></span> <span class='ocrx_word' id='word_1_153' title='bbox 452 2274 652 2340; x_wconf 85' lang='lat' dir='ltr'><strong>contraxissel</strong></span> <span class='ocrx_word' id='word_1_154' title='bbox 675 2285 705 2340; x_wconf 89' lang='lat' dir='ltr'><strong>et</strong></span> <span class='ocrx_word' id='word_1_155' title='bbox 723 2282 868 2340; x_wconf 89' lang='lat' dir='ltr'><strong>nonnulla</strong></span> <span class='ocrx_word' id='word_1_156' title='bbox 890 2281 927 2339; x_wconf 93' lang='lat' dir='ltr'><strong>de</strong></span> <span class='ocrx_word' id='word_1_157' title='bbox 945 2299 1000 2339; x_wconf 89' lang='lat' dir='ltr'><strong>suo</strong></span> <span class='ocrx_word' id='word_1_158' title='bbox 1019 2280 1167 2339; x_wconf 86' lang='lat' dir='ltr'><strong>addidisse</strong></span> 
     </span>
     <span class='ocr_line' id='line_1_23' title="bbox 157 2367 1168 2446; baseline 0 -19"><span class='ocrx_word' id='word_1_159' title='bbox 157 2388 226 2427; x_wconf 90' lang='lat' dir='ltr'><strong>eum</strong></span> <span class='ocrx_word' id='word_1_160' title='bbox 244 2370 295 2446; x_wconf 90' lang='lat' dir='ltr'><strong>qni</strong></span> <span class='ocrx_word' id='word_1_161' title='bbox 315 2370 445 2430; x_wconf 90' lang='lat' dir='ltr'><strong>codicem</strong></span> <span class='ocrx_word' id='word_1_162' title='bbox 459 2367 483 2429; x_wconf 94' lang='grc' dir='ltr'>Ο</span> <span class='ocrx_word' id='word_1_163' title='bbox 500 2371 673 2446; x_wconf 88' lang='lat' dir='ltr'><strong>conscripsit</strong></span> <span class='ocrx_word' id='word_1_164' title='bbox 691 2369 848 2428; x_wconf 87' lang='lat' dir='ltr'><strong>librarium</strong></span> <span class='ocrx_word' id='word_1_165' title='bbox 861 2371 909 2428; x_wconf 83' lang='lat' dir='ltr'><strong>vel</strong></span> <span class='ocrx_word' id='word_1_166' title='bbox 929 2369 991 2428; x_wconf 91' lang='lat' dir='ltr'><strong>eius</strong></span> <span class='ocrx_word' id='word_1_167' title='bbox 1006 2371 1168 2445; x_wconf 76' lang='lat' dir='ltr'><strong>auctorem,</strong></span> 
     </span>
     <span class='ocr_line' id='line_1_24' title="bbox 156 2455 1169 2539; baseline 0.001 -24"><span class='ocrx_word' id='word_1_168' title='bbox 156 2459 267 2534; x_wconf 89' lang='lat' dir='ltr'><strong>quippe</strong></span> <span class='ocrx_word' id='word_1_169' title='bbox 287 2460 341 2534; x_wconf 89' lang='lat' dir='ltr'><strong>qui</strong></span> <span class='ocrx_word' id='word_1_170' title='bbox 363 2479 417 2535; x_wconf 88' lang='lat' dir='ltr'><strong>pro</strong></span> <span class='ocrx_word' id='word_1_171' title='bbox 440 2467 500 2538; x_wconf 90' lang='grc' dir='ltr'><strong>πῦρ</strong></span> <span class='ocrx_word' id='word_1_172' title='bbox 523 2456 555 2518; x_wconf 80' lang='grc' dir='ltr'><strong>ἒν</strong></span> <span class='ocrx_word' id='word_1_173' title='bbox 578 2463 639 2530; x_wconf 89' lang='grc' dir='ltr'><strong><em>τοῖς</em></strong></span> <span class='ocrx_word' id='word_1_174' title='bbox 662 2459 751 2539; x_wconf 80' lang='grc' dir='ltr'><strong><em>ἱεροῖς</em></strong></span> <span class='ocrx_word' id='word_1_175' title='bbox 778 2455 939 2535; x_wconf 75' lang='grc' dir='ltr'><strong><em>ἐφύλαττον</em></strong></span> <span class='ocrx_word' id='word_1_176' title='bbox 967 2457 1068 2530; x_wconf 80' lang='grc' dir='ltr'><strong><em>αὐτοῖς</em></strong></span> <span class='ocrx_word' id='word_1_177' title='bbox 1091 2455 1169 2517; x_wconf 80' lang='grc' dir='ltr'><em>ἀθά-</em></span> 
     </span>
     <span class='ocr_line' id='line_1_25' title="bbox 155 2543 1169 2629; baseline 0.001 -25"><span class='ocrx_word' id='word_1_178' title='bbox 155 2568 245 2606; x_wconf 88' lang='grc' dir='ltr'><strong><em>νατον</em></strong></span> <span class='ocrx_word' id='word_1_179' title='bbox 274 2548 410 2623; x_wconf 89' lang='lat' dir='ltr'><strong>posuerit</strong></span> <span class='ocrx_word' id='word_1_180' title='bbox 441 2557 501 2629; x_wconf 88' lang='grc' dir='ltr'><strong>πῦρ</strong></span> <span class='ocrx_word' id='word_1_181' title='bbox 533 2544 675 2626; x_wconf 73' lang='grc' dir='ltr'><strong><em>ἄσβεστον</em></strong></span> <span class='ocrx_word' id='word_1_182' title='bbox 708 2546 808 2619; x_wconf 80' lang='grc' dir='ltr'><strong><em>αὐτοῖς</em></strong></span> <span class='ocrx_word' id='word_1_183' title='bbox 839 2543 1046 2626; x_wconf 81' lang='grc' dir='ltr'><strong><em>ἀναφέροντες.</em></strong></span> <span class='ocrx_word' id='word_1_184' title='bbox 1091 2566 1169 2623; x_wconf 89' lang='lat' dir='ltr'><strong>quae</strong></span> 
     </span>
     <span class='ocr_line' id='line_1_26' title="bbox 157 2636 1170 2712; baseline 0.002 -20"><span class='ocrx_word' id='word_1_185' title='bbox 157 2653 223 2693; x_wconf 91' lang='lat' dir='ltr'><strong>cum</strong></span> <span class='ocrx_word' id='word_1_186' title='bbox 236 2636 481 2712; x_wconf 79' lang='lat' dir='ltr'><strong>perspexerimus,</strong></span> <span class='ocrx_word' id='word_1_187' title='bbox 500 2638 555 2696; x_wconf 90' lang='lat' dir='ltr'><strong>hoo</strong></span> <span class='ocrx_word' id='word_1_188' title='bbox 570 2655 686 2712; x_wconf 88' lang='lat' dir='ltr'><strong>semper</strong></span> <span class='ocrx_word' id='word_1_189' title='bbox 699 2636 852 2696; x_wconf 89' lang='lat' dir='ltr'><strong>nobiscum</strong></span> <span class='ocrx_word' id='word_1_190' title='bbox 865 2639 1037 2712; x_wconf 88' lang='lat' dir='ltr'><strong>reputemus</strong></span> <span class='ocrx_word' id='word_1_191' title='bbox 1052 2654 1170 2695; x_wconf 86' lang='lat' dir='ltr'><strong>necesse</strong></span> 
     </span>
     <span class='ocr_line' id='line_1_27' title="bbox 157 2724 1170 2801; baseline 0 -19"><span class='ocrx_word' id='word_1_192' title='bbox 157 2727 214 2797; x_wconf 88' lang='lat' dir='ltr'><strong>est,</strong></span> <span class='ocrx_word' id='word_1_193' title='bbox 248 2725 364 2800; x_wconf 82' lang='lat' dir='ltr'><strong>evenire</strong></span> <span class='ocrx_word' id='word_1_194' title='bbox 392 2725 527 2801; x_wconf 88' lang='lat' dir='ltr'><strong>potuisse</strong></span> <span class='ocrx_word' id='word_1_195' title='bbox 554 2746 613 2786; x_wconf 91' lang='lat' dir='ltr'><strong>non</strong></span> <span class='ocrx_word' id='word_1_196' title='bbox 641 2725 738 2785; x_wconf 90' lang='lat' dir='ltr'><strong>solum</strong></span> <span class='ocrx_word' id='word_1_197' title='bbox 764 2725 840 2784; x_wconf 91' lang='lat' dir='ltr'><strong>libro</strong></span> <span class='ocrx_word' id='word_1_198' title='bbox 864 2724 899 2783; x_wconf 93' lang='lat' dir='ltr'><strong>de</strong></span> <span class='ocrx_word' id='word_1_199' title='bbox 922 2725 1086 2800; x_wconf 80' lang='lat' dir='ltr'><strong>mensibuS,</strong></span> <span class='ocrx_word' id='word_1_200' title='bbox 1119 2724 1170 2785; x_wconf 89' lang='lat' dir='ltr'><strong>sed</strong></span> 
     </span>
     <span class='ocr_line' id='line_1_28' title="bbox 157 2813 1170 2891; baseline 0.004 -22"><span class='ocrx_word' id='word_1_201' title='bbox 157 2813 248 2871; x_wconf 84' lang='lat' dir='ltr'><strong>etiam</strong></span> <span class='ocrx_word' id='word_1_202' title='bbox 271 2813 408 2889; x_wconf 78' lang='lat' dir='ltr'><strong>operibus</strong></span> <span class='ocrx_word' id='word_1_203' title='bbox 432 2815 468 2872; x_wconf 93' lang='lat' dir='ltr'><strong>de</strong></span> <span class='ocrx_word' id='word_1_204' title='bbox 491 2815 615 2874; x_wconf 85' lang='lat' dir='ltr'><strong>ostentis</strong></span> <span class='ocrx_word' id='word_1_205' title='bbox 639 2814 727 2873; x_wconf 91' lang='lat' dir='ltr'><strong>etde</strong></span> <span class='ocrx_word' id='word_1_206' title='bbox 755 2813 992 2891; x_wconf 87' lang='lat' dir='ltr'><strong>magistratibus,</strong></span> <span class='ocrx_word' id='word_1_207' title='bbox 1021 2818 1170 2889; x_wconf 83' lang='lat' dir='ltr'><strong>quatenus</strong></span> 
     </span>
     <span class='ocr_line' id='line_1_29' title="bbox 157 2900 1171 2980; baseline 0.002 -22"><span class='ocrx_word' id='word_1_208' title='bbox 157 2901 194 2958; x_wconf 89' lang='lat' dir='ltr'><strong>ab</strong></span> <span class='ocrx_word' id='word_1_209' title='bbox 218 2902 321 2960; x_wconf 90' lang='lat' dir='ltr'><strong>eodem</strong></span> <span class='ocrx_word' id='word_1_210' title='bbox 348 2902 448 2962; x_wconf 88' lang='lat' dir='ltr'><strong>codice</strong></span> <span class='ocrx_word' id='word_1_211' title='bbox 468 2900 492 2962; x_wconf 94' lang='grc' dir='ltr'>Ο</span> <span class='ocrx_word' id='word_1_212' title='bbox 516 2904 691 2977; x_wconf 86' lang='lat' dir='ltr'><strong>traduntur,</strong></span> <span class='ocrx_word' id='word_1_213' title='bbox 720 2905 757 2961; x_wconf 88' lang='lat' dir='ltr'><strong>ut</strong></span> <span class='ocrx_word' id='word_1_214' title='bbox 786 2923 846 2962; x_wconf 90' lang='lat' dir='ltr'><strong>non</strong></span> <span class='ocrx_word' id='word_1_215' title='bbox 873 2903 991 2980; x_wconf 86' lang='lat' dir='ltr'><strong>integra</strong></span> <span class='ocrx_word' id='word_1_216' title='bbox 1013 2902 1171 2961; x_wconf 87' lang='lat' dir='ltr'><strong>Laurentii</strong></span> 
     </span>
     <span class='ocr_line' id='line_1_30' title="bbox 156 2989 1170 3068; baseline 0.001 -21"><span class='ocrx_word' id='word_1_217' title='bbox 156 2989 247 3047; x_wconf 87' lang='lat' dir='ltr'><strong>verba</strong></span> <span class='ocrx_word' id='word_1_218' title='bbox 270 2991 445 3066; x_wconf 73' lang='lat' dir='ltr'><strong>reciperent,</strong></span> <span class='ocrx_word' id='word_1_219' title='bbox 469 2993 521 3051; x_wconf 91' lang='lat' dir='ltr'><strong>sed</strong></span> <span class='ocrx_word' id='word_1_220' title='bbox 544 2993 735 3068; x_wconf 88' lang='lat' dir='ltr'><strong>aliquantum</strong></span> <span class='ocrx_word' id='word_1_221' title='bbox 753 2991 907 3050; x_wconf 83' lang='lat' dir='ltr'><strong>decurtata</strong></span> <span class='ocrx_word' id='word_1_222' title='bbox 926 2995 956 3050; x_wconf 90' lang='lat' dir='ltr'><strong>et</strong></span> <span class='ocrx_word' id='word_1_223' title='bbox 974 2992 1170 3067; x_wconf 83' lang='lat' dir='ltr'><strong>interpolata:</strong></span> 
     </span>
     <span class='ocr_line' id='line_1_31' title="bbox 157 3078 1171 3156; baseline 0.002 -21"><span class='ocrx_word' id='word_1_224' title='bbox 157 3078 188 3135; x_wconf 91' lang='lat' dir='ltr'><strong>id</strong></span> <span class='ocrx_word' id='word_1_225' title='bbox 211 3079 301 3154; x_wconf 93' lang='lat' dir='ltr'><strong>quod,</strong></span> <span class='ocrx_word' id='word_1_226' title='bbox 323 3084 359 3139; x_wconf 89' lang='lat' dir='ltr'><strong>ut</strong></span> <span class='ocrx_word' id='word_1_227' title='bbox 382 3081 515 3156; x_wconf 82' lang='lat' dir='ltr'><strong>exemplo</strong></span> <span class='ocrx_word' id='word_1_228' title='bbox 540 3100 658 3156; x_wconf 90' lang='lat' dir='ltr'><strong>quoque</strong></span> <span class='ocrx_word' id='word_1_229' title='bbox 676 3101 740 3139; x_wconf 90' lang='lat' dir='ltr'><strong>rem</strong></span> <span class='ocrx_word' id='word_1_230' title='bbox 758 3081 913 3156; x_wconf 77' lang='lat' dir='ltr'><strong>illustrem,</strong></span> <span class='ocrx_word' id='word_1_231' title='bbox 938 3080 1078 3139; x_wconf 88' lang='lat' dir='ltr'><strong>accidisse</strong></span> <span class='ocrx_word' id='word_1_232' title='bbox 1097 3078 1171 3136; x_wconf 90' lang='lat' dir='ltr'><strong>mihi</strong></span> 
     </span>
     <span class='ocr_line' id='line_1_32' title="bbox 156 3165 1169 3246; baseline -0.001 -21"><span class='ocrx_word' id='word_1_233' title='bbox 156 3167 278 3226; x_wconf 86' lang='lat' dir='ltr'><strong>videtur</strong></span> <span class='ocrx_word' id='word_1_234' title='bbox 300 3168 332 3226; x_wconf 92' lang='lat' dir='ltr'><strong>in</strong></span> <span class='ocrx_word' id='word_1_235' title='bbox 354 3169 505 3243; x_wconf 87' lang='lat' dir='ltr'><strong>prooemio</strong></span> <span class='ocrx_word' id='word_1_236' title='bbox 528 3170 597 3228; x_wconf 91' lang='lat' dir='ltr'><strong>libri</strong></span> <span class='ocrx_word' id='word_1_237' title='bbox 624 3169 660 3228; x_wconf 96' lang='lat' dir='ltr'><strong>de</strong></span> <span class='ocrx_word' id='word_1_238' title='bbox 687 3169 913 3245; x_wconf 85' lang='lat' dir='ltr'><strong>magistratibus</strong></span> <span class='ocrx_word' id='word_1_239' title='bbox 939 3165 995 3246; x_wconf 89' lang='lat'><strong>(=</strong></span> <span class='ocrx_word' id='word_1_240' title='bbox 1019 3169 1169 3226; x_wconf 89' lang='lat' dir='ltr'><strong>demens.</strong></span> 
     </span>
     <span class='ocr_line' id='line_1_33' title="bbox 158 3255 1170 3334; baseline 0.001 -22"><span class='ocrx_word' id='word_1_241' title='bbox 158 3255 265 3328; x_wconf 88' lang='grc'>16,16</span> <span class='ocrx_word' id='word_1_242' title='bbox 290 3256 384 3334; x_wconf 90' lang='lat' dir='ltr'><strong>sqq.),</strong></span> <span class='ocrx_word' id='word_1_243' title='bbox 415 3259 496 3334; x_wconf 92' lang='lat' dir='ltr'><strong>quod</strong></span> <span class='ocrx_word' id='word_1_244' title='bbox 523 3259 642 3318; x_wconf 86' lang='lat' dir='ltr'><strong>brevius</strong></span> <span class='ocrx_word' id='word_1_245' title='bbox 675 3261 721 3316; x_wconf 90' lang='lat' dir='ltr'><strong>est</strong></span> <span class='ocrx_word' id='word_1_246' title='bbox 749 3277 845 3333; x_wconf 87' lang='lat' dir='ltr'><strong>neque</strong></span> <span class='ocrx_word' id='word_1_247' title='bbox 876 3277 944 3316; x_wconf 90' lang='lat' dir='ltr'><strong>oum</strong></span> <span class='ocrx_word' id='word_1_248' title='bbox 972 3256 1096 3331; x_wconf 89' lang='lat' dir='ltr'><strong>reliquis</strong></span> <span class='ocrx_word' id='word_1_249' title='bbox 1125 3255 1170 3314; x_wconf 84' lang='lat' dir='ltr'><strong>ita</strong></span> 
     </span>
     <span class='ocr_line' id='line_1_34' title="bbox 156 3344 1170 3423; baseline 0 -21"><span class='ocrx_word' id='word_1_250' title='bbox 156 3344 305 3417; x_wconf 78' lang='lat' dir='ltr'><strong>cohaeret,</strong></span> <span class='ocrx_word' id='word_1_251' title='bbox 328 3349 363 3404; x_wconf 91' lang='lat' dir='ltr'><strong>nt</strong></span> <span class='ocrx_word' id='word_1_252' title='bbox 379 3347 569 3423; x_wconf 88' lang='lat' dir='ltr'><strong>praefationi,</strong></span> <span class='ocrx_word' id='word_1_253' title='bbox 592 3365 668 3423; x_wconf 90' lang='lat' dir='ltr'><strong>quae</strong></span> <span class='ocrx_word' id='word_1_254' title='bbox 687 3365 758 3406; x_wconf 81' lang='lat' dir='ltr'><strong>vera</strong></span> <span class='ocrx_word' id='word_1_255' title='bbox 781 3347 821 3405; x_wconf 89' lang='lat' dir='ltr'><strong>sit</strong></span> <span class='ocrx_word' id='word_1_256' title='bbox 843 3345 1000 3420; x_wconf 85' lang='lat' dir='ltr'><strong>praefatio,</strong></span> <span class='ocrx_word' id='word_1_257' title='bbox 1024 3345 1170 3404; x_wconf 83' lang='lat' dir='ltr'><strong>convenit.</strong></span> 
     </span>
    </p>
   </div>
   <div class='ocr_carea' id='block_1_5' title="bbox 159 3495 1171 3691">
    <p class='ocr_par' dir='ltr' id='par_1_8' title="bbox 159 3495 1171 3691">
     <span class='ocr_line' id='line_1_35' title="bbox 233 3495 1170 3566; baseline -0.001 -16"><span class='ocrx_word' id='word_1_258' title='bbox 233 3497 243 3527; x_wconf 85' lang='lat'>¹</span> <span class='ocrx_word' id='word_1_259' title='bbox 262 3496 336 3564; x_wconf 90' lang='lat' dir='ltr'><strong>quod</strong></span> <span class='ocrx_word' id='word_1_260' title='bbox 355 3503 501 3566; x_wconf 78' lang='lat' dir='ltr'><strong>p.167,21</strong></span> <span class='ocrx_word' id='word_1_261' title='bbox 521 3501 551 3552; x_wconf 89' lang='lat' dir='ltr'><strong>et</strong></span> <span class='ocrx_word' id='word_1_262' title='bbox 565 3504 598 3552; x_wconf 80' lang='lat'><strong>26</strong></span> <span class='ocrx_word' id='word_1_263' title='bbox 617 3497 661 3552; x_wconf 89' lang='lat' dir='ltr'><strong>bis</strong></span> <span class='ocrx_word' id='word_1_264' title='bbox 681 3496 822 3551; x_wconf 85' lang='lat' dir='ltr'><strong>omittitur</strong></span> <span class='ocrx_word' id='word_1_265' title='bbox 840 3495 941 3564; x_wconf 89' lang='lat' dir='ltr'><strong>copula</strong></span> <span class='ocrx_word' id='word_1_266' title='bbox 956 3496 1012 3564; x_wconf 78' lang='lat' dir='ltr'><strong>nul,</strong></span> <span class='ocrx_word' id='word_1_267' title='bbox 1031 3513 1080 3566; x_wconf 86' lang='lat' dir='ltr'><strong>per</strong></span> <span class='ocrx_word' id='word_1_268' title='bbox 1095 3496 1170 3551; x_wconf 86' lang='lat' dir='ltr'><strong>eodi-</strong></span> 
     </span>
     <span class='ocr_line' id='line_1_36' title="bbox 159 3566 1171 3691; baseline 0.002 -71"><span class='ocrx_word' id='word_1_269' title='bbox 159 3566 442 3691; x_wconf 54' lang='lat' dir='ltr'><strong>tcplclrpershclprialensem</strong></span> <span class='ocrx_word' id='word_1_270' title='bbox 465 3572 590 3636; x_wconf 87' lang='lat' dir='ltr'><strong>servata,</strong></span> <span class='ocrx_word' id='word_1_271' title='bbox 614 3567 795 3638; x_wconf 77' lang='lat' dir='ltr'><strong>aCaseolino</strong></span> <span class='ocrx_word' id='word_1_272' title='bbox 819 3566 934 3620; x_wconf 88' lang='lat' dir='ltr'><strong>minoris</strong></span> <span class='ocrx_word' id='word_1_273' title='bbox 953 3566 1088 3621; x_wconf 88' lang='lat' dir='ltr'><strong>momenti</strong></span> <span class='ocrx_word' id='word_1_274' title='bbox 1110 3583 1171 3622; x_wconf 89' lang='lat' dir='ltr'><strong>esse</strong></span> 
     </span>
    </p>
   </div>
   <div class='ocr_carea' id='block_1_6' title="bbox 0 0 1402 4222">
    <p class='ocr_par' dir='ltr' id='par_1_9' title="bbox 0 0 1402 4222">
     <span class='ocr_line' id='line_1_37' title="bbox 0 0 1402 4222; baseline 0 0"><span class='ocrx_word' id='word_1_275' title='bbox 0 0 1402 4222; x_wconf 95' lang='lat' dir='ltr'><strong> </strong></span> 
     </span>
    </p>
   </div>
  </div>
 </body>
</html>
