2760 4234
411 286 519 341 LIBER
538 285 713 352 QUARTUS.
739 289 858 343 IULIUS
1078 291 1152 353 147

132 452 408 536 καταφερόμενον.
455 449 538 516 άλλά
560 448 615 515 καλ
633 454 836 537 Δικαίαρχος
860 451 897 517 ἐν
918 454 1061 540 περιόδῳ
1083 461 1181 537 χῆςΧ

133 556 169 622 ἐκ
195 565 253 640 τῆς
275 554 485 639 Ἀτλαντικῆς
514 557 680 640 θαλάττης
709 558 769 622 τὸν
791 561 918 624 Νεῖλον
945 557 1142 644 ἀναχείσθαι

132 664 295 748 βούλεται.
340 665 487 727 ποικίλαι
510 659 572 746 μὲν
595 657 657 728 οὖν
685 661 817 749 αἱπερὶ
843 662 946 730 αὐτοῦ
969 665 1077 749 δόξαι,
1105 667 1141 731 τὸ

132 768 161 834 τί
185 765 308 853 ἀληθὲς
330 770 411 834 κατά
434 771 512 846 τοὺς
535 769 736 856 ἀνθρώπους
764 769 843 847 τέως
871 771 1033 856 οὐδαμοῦ·
1060 774 1142 837 κατά

131 879 194 963 γάρ
217 878 254 943 τὸ
278 878 394 959 λόγιον
1169 905 1182 945 5

371 984 408 1048 τὸ
433 981 461 1048 δ’
486 980 618 1069 ἀτρεκὲς
641 982 677 1048 ἐν
700 987 800 1067 βαθεῖ
823 983 899 1049 ἐστι.

133 1094 281 1176 Χρηστος
308 1087 345 1156 δὲ
373 1091 390 1156 ὁ
415 1089 571 1175 Ῥωμαῖός
598 1107 714 1175 φησιν·
747 1090 816 1156 ‘daz
845 1101 902 1175 της
929 1093 1053 1168 θύσεως
1081 1095 1141 1179 όρη

131 1194 268 1282 μέγιστα
292 1195 346 1274 καλ
369 1197 561 1280 ὑψηλότατα
583 1197 683 1279 εἰσιν,
712 1196 732 1261 ἃ
759 1198 820 1280 τὴν
844 1196 975 1280 Λιβύην
998 1197 1061 1263 άπὸ
1085 1208 1143 1282 της

129 1304 313 1378 Αἰθιοπίας
341 1305 530 1388 χωρίζουσι,
559 1302 686 1367 τούτων
713 1313 784 1379 ταῖς
812 1302 962 1386 ἐσχάταις
985 1303 1087 1389 ῥίζαις
1104 1305 1141 1369 τὸ

131 1409 339 1474 Ατλαντικὸν
363 1407 538 1474 ἐπιπίπτον
560 1406 717 1491 πέλαγος,
745 1411 847 1474 ἐνθεν
871 1411 931 1493 τὴν
954 1409 1059 1496 ἀρχὴν
1082 1411 1142 1476 At·
1156 1438 1182 1476 ιο

131 1517 251 1580 θιοπία
273 1513 337 1579 ἀπὸ
361 1524 418 1598 τῆς
442 1514 568 1590 ῥύσεως
589 1515 756 1599 λαμβάνει.
793 1515 858 1580 ὑπὸ
877 1519 994 1580 τοίνυν
1011 1517 1142 1594 τούτοις

130 1630 199 1696 τοῖς
222 1622 313 1707 ὄρεσι
337 1624 450 1705 λίμναι
475 1619 560 1686 είσὶν
583 1621 630 1697 είς
653 1622 791 1707 άπειρον
812 1622 1016 1705 πλατύτητος
1034 1622 1143 1706 ἡπλω-

131 1725 241 1810 με’ναι·
264 1737 416 1813 παροικεῖ
438 1723 476 1792 δὲ
498 1726 599 1804 αὐτάς
621 1725 719 1809 χένος
745 1727 936 1814 ἀνθρώπων
959 1739 1026 1794 τῶν
1050 1735 1142 1812 λεγο-

130 1831 241 1917 μένων
258 1832 502 1918 Ἰχθυοφάγων,
531 1834 611 1920 ὅπερ
635 1833 698 1899 άπὸ
722 1836 852 1920 πρώτης
875 1835 962 1920 ώρας
985 1837 1061 1922 άχρι
1084 1838 1142 1901 δυ-

131 1950 223 2024 σμῶν
252 1939 351 2023 ἡλίου
381 1939 418 2005 ἐν
447 1948 493 2028 τῶ
522 1939 619 2004 ὕδατι
649 1942 811 2026 διατρίβει
843 1939 897 2006 καί
927 1952 995 2018 τολς
1027 1943 1141 2026 ἰχθύσι
1156 1969 1180 2010 ιι

129 2044 291 2131 τρέφεται.
337 2046 476 2122 τούτοις
489 2046 671 2132 ὁμοροῦσιν
699 2047 731 2112 ολ
759 2049 930 2132 λεγόμενοι
950 2045 1141 2131 Ἀνθρωπο-

130 2152 243 2236 φάνοι,
271 2151 368 2234 γένος
391 2152 581 2239 ἀνθρώπων
609 2153 854 2239 ἀνδρειότατον,
885 2153 953 2241 ῥισὶ
982 2155 1142 2240 στρογγύ-

131 2263 203 2336 λαις
226 2259 408 2344 χρώμενον,
435 2260 625 2346 προσώποις
649 2259 879 2344 ἐπικαμπέσιν,
903 2258 1019 2338 ὄνυξιν
1044 2259 1141 2343 ἐγγύς

131 2363 265 2431 λεόυσιν
296 2365 431 2450 ὁμοίοις.
487 2364 522 2430 ἐκ
553 2378 621 2431 τῶν
657 2371 784 2451 λιμνῶν
820 2361 883 2431 οὖν
917 2366 1052 2432 ἐκείνων
1083 2368 1141 2444 τάς

129 2471 281 2558 ἀφορμάς
304 2472 321 2538 ὁ
344 2473 490 2558 ποταμὸς
512 2473 685 2557 λαμβάνει·
707 2475 867 2559 προϊόντα
890 2475 953 2559 γὰρ
976 2471 1008 2552 ἐξ
1028 2472 1139 2538 αὐτῶν
1153 2499 1179 2539 ω

128 2581 168 2644 τά
191 2580 335 2666 ῥεύματα
354 2588 525 2665 συνηρεφῆ
544 2579 772 2645 ἀποτελοῦσιν.
814 2579 849 2645 ἐκ
867 2580 995 2645 τούτων
1013 2579 1054 2662 δὴ
1073 2591 1140 2645 τῶν

128 2691 270 2770 λιμνῶν,
298 2685 337 2763 ἃς
366 2691 527 2752 καλοῦσιν
551 2685 671 2752 ἐκεῖνοι
693 2688 798 2770 Χαάς,
826 2686 914 2773 ἐκρεῖ
941 2688 1140 2753 λεπτότατόν

127 2816 159 2857 τι
183 2792 288 2878 ῥεῦμα
305 2791 359 2857 καὶ
379 2796 474 2878 μόλις
492 2793 673 2879 ὁρώμενον,
698 2793 777 2879 ὅπερ
798 2795 844 2870 είς
863 2795 999 2870 στενοὺς
1016 2795 1139 2870 τόπους

127 2896 182 2963 καί
205 2900 287 2964 κατὰ
309 2898 408 2985 μέρος
437 2898 471 2964 ἐκ
495 2901 668 2985 διαφόρων
695 2911 805 2986 μερῶν
832 2902 878 2977 είς
905 2903 1020 2983 κοίτην
1048 2900 1139 2964 ίόίαν

126 3015 333 3071 καταπῖπτον
356 3006 435 3082 ὄφιν
461 3014 611 3090 ποταμοῦ
634 3007 802 3090 λαμβάνει.
849 3001 945 3082 οὗτος
969 3003 998 3070 θ’
1021 3004 1063 3069 άν
1086 3011 1136 3088 είη
1151 3029 1177 3070 ει

127 3111 144 3176 ὁ
165 3115 297 3195 Νεῖλος,
321 3111 411 3187 ὅστις
430 3110 483 3176 ἐπὶ
502 3112 675 3198 διαφόρων
693 3112 860 3196 κλιμάτων
878 3112 1070 3196 εἱλούμενος
1088 3114 1137 3193 χί-

197 3269 221 3302 v.
238 3257 251 3303 1
272 3248 460 3303 Dicaearchus
479 3249 531 3319 fig.
547 3256 589 3320 52,
608 3250 690 3305 ΒΗΘ
708 3251 734 3305 Π
751 3269 777 3320 p.
793 3256 843 3304 251

196 3394 220 3428 v.
236 3379 252 3427 3
271 3375 319 3428 καί
337 3372 461 3428 ποικίλαι
482 3375 507 3428 Τ
529 3376 533 3443 Ι
559 3370 610 3430 οὖν
629 3373 707 3429 omis.
729 3376 754 3428 T
825 3373 941 3444 ’ίαίχρη
960 3373 1000 3442 Α,
1027 3389 1095 3428 corr.
1121 3374 1135 3429 ὁ

126 3445 242 3516 χρηστὸς
260 3445 298 3517 A,
319 3448 348 3499 et
370 3445 424 3500 del.
444 3444 472 3513 ⁶3
496 3453 611 3515 χρηστος
629 3447 690 3499 ΒΤ
706 3449 735 3501 et
752 3445 782 3498 in
803 3460 889 3514 marg.
909 3445 1017 3499 Ριυόυε
1035 3444 1135 3500 Roma-

125 3534 178 3571 ιιυε
199 3517 245 3587 T}
268 3515 317 3585 όρη
338 3535 370 3586 με
389 3514 442 3570 άλα
461 3517 489 3570 Β
561 3523 592 3569 11
612 3517 720 3580 τούτοις
736 3513 878 3571 τοίνυνΤ
949 3521 981 3569 12
1001 3515 1039 3578 είς
1057 3515 1134 3571 omis.

126 3588 154 3640 Β
161 3589 204 3657 T}
221 3587 332 3656 άπειροι
431 3592 464 3641 18
483 3585 663 3656 ἐπικαρπέσιν
682 3589 710 3642 Β
766 3593 799 3641 19
817 3583 935 3655 λιμένων
953 3588 981 3641 Β
1036 3593 1068 3641 21
1089 3605 1134 3642 συ-

126 3668 255 3727 νηρεφεῖς
272 3659 333 3712 AT

921 3747 974 3801 10*
