2788 4222
218 259 360 316 XXXVIII
624 256 828 312 PRAEFATIO

219 425 453 508 παρατετήρηταα
478 469 516 484 ..
545 469 553 485 .
582 423 657 504 πρὸς
687 423 801 498 τούτοις
832 422 882 485 καὶ
912 421 980 506 περὶ
1012 422 1158 504 διαφορᾶς
1188 422 1231 487 sn

219 513 361 598 πρότερον
379 513 534 592 ἐνιαυτῶν,
556 513 676 575 αἰώνων
697 535 728 575 ra
744 512 795 574 aul
807 511 922 595 χρόνων
934 511 985 573 καὶ
996 509 1090 593 ἀρχῆς
1103 509 1231 594 ἡμερῶν,

219 605 321 666 omnia
343 607 413 664 sunt
440 603 613 680 explanata:
642 603 704 662 iam
733 603 812 662 enim
841 602 896 661 illa
924 602 969 662 ita
998 602 1145 678 disposita
1168 621 1230 663 esse

220 695 361 770 apparet,
390 695 425 752 ut
453 692 582 768 primum
611 691 790 752 Laurentius
819 691 997 769 polliceatur
1020 710 1070 766 ea,
1100 709 1176 769 quae
1199 692 1231 750 in

219 782 303 842 libro
320 784 427 858 quarto
451 781 492 840 sit
514 781 700 858 expositurus
722 781 759 840 de
781 780 928 840 mensium
949 780 1119 840 nominibus
1141 783 1173 839 et
1195 780 1230 840 de

219 871 311 947 feriis,
329 889 403 947 quas
419 871 534 930 veteres
552 870 680 930 Romani
698 869 822 947 singulis
840 868 989 929 mensibus
1008 867 1231 944 celebraverint,

220 960 326 1018 deinde
348 959 384 1017 de
407 976 485 1018 anno
509 977 582 1019 aevo
605 962 753 1036 tempore,
779 976 855 1034 quae
884 958 916 1016 in
943 958 1019 1018 libro
1047 958 1136 1017 tertio
1159 959 1231 1018 dum

219 1049 336 1126 integer
358 1047 417 1106 fuit
438 1046 516 1106 lecta
538 1047 630 1107 trisse
653 1047 858 1106 demonstrant
879 1046 926 1105 ΠΙ
949 1043 968 1122 §
992 1049 1022 1105 4.
1037 1047 1065 1106 5.
1082 1047 1136 1120 153
1166 1049 1231 1106 tnm

220 1136 256 1197 de
283 1136 370 1196 initio
400 1135 473 1211 diei,
507 1154 597 1212 quam
630 1136 787 1195 materiam
816 1135 892 1195 libro
923 1135 1011 1194 alteri
1040 1135 1173 1212 seposuit
1202 1138 1232 1195 et

220 1225 410 1301 subsequenti
434 1225 537 1284 statim
559 1225 748 1302 paragrapho
772 1215 871 1306 (lin)
894 1223 1028 1300 pluribus
1057 1223 1230 1284 illustravit.

220 1333 314 1390 neque
351 1333 420 1374 vero
457 1313 604 1373 mensium
638 1313 724 1372 illum
760 1315 931 1391 catalogum
968 1313 1006 1372 ad
1046 1313 1231 1390 singularum

220 1403 376 1462 nationum
399 1402 616 1479 appellationes
639 1402 816 1478 dispositum
845 1399 887 1479 (p.
911 1404 963 1476 59,
973 1405 1015 1463 20
1038 1393 1118 1484 sqq.)
1145 1402 1229 1478 Lydo

221 1491 364 1569 abrogare
387 1509 552 1569 possumus,
576 1491 627 1568 qui
649 1491 743 1551 talem
766 1491 914 1567 quendam
936 1493 971 1549 ut
992 1491 1025 1549 in
1046 1490 1155 1550 librum
1179 1491 1230 1566 qni

220 1581 256 1639 de
278 1579 427 1640 mensibus
457 1581 566 1658 agebat
593 1581 753 1657 reciperet,
782 1580 958 1640 necessitate
987 1598 1081 1655 paene
1111 1582 1230 1640 coactns

216 1662 316 1728 erat:1
361 1687 452 1744 quare
488 1669 575 1727 illum
610 1688 728 1745 qnoque
759 1668 792 1728 in
824 1668 984 1728 editionem
1019 1668 1126 1746 recepi.
1171 1687 1230 1744 qno

220 1758 334 1816 facturn
357 1759 415 1832 est,
441 1759 476 1815 ut
497 1757 647 1834 integrum
669 1757 756 1818 illum
777 1759 942 1816 tractatum
964 1755 1074 1817 codicis
1092 1757 1130 1832 H,
1153 1759 1229 1817 tam-

222 1864 313 1921 qnam
335 1863 351 1906 e
373 1844 535 1905 Laurentio
559 1845 622 1905 solo
646 1845 838 1921 depromptus
860 1845 913 1920 sit,
939 1845 971 1904 in
999 1846 1159 1905 editionem
1185 1865 1230 1906 re-

220 1935 317 1993 latum
350 1933 493 1994 invenias.
548 1934 628 2010 qnod
661 1953 731 1994 vero
755 1933 900 1994 ordinem
931 1934 1116 2012 singulorum
1150 1935 1230 2014 frag·

221 2024 389 2082 mentorum
412 2021 504 2081 alium
527 2039 589 2082 esse
611 2023 644 2082 in
667 2022 766 2083 codice
784 2023 815 2082 H
833 2024 923 2099 atque
941 2022 973 2081 in
991 2023 1114 2099 reliquis
1133 2025 1230 2100 operis

220 2108 287 2192 περὶ
309 2118 412 2190 μηνῶν
434 2111 653 2171 recensionibus
676 2111 928 2187 animadvertisti,
951 2131 967 2170 e
990 2112 1113 2173 consilio
1136 2112 1231 2190 ipsius

220 2200 336 2260 librarii
368 2199 545 2276 explicatur,
577 2200 628 2276 qui
659 2200 691 2258 in
723 2200 841 2278 singula
867 2200 968 2277 capIta
994 2198 1061 2282 περὶ
1085 2200 1230 2282 διαφορᾶς

218 2286 380 2366 ἐνιαυτῶν,
402 2286 659 2369 neeleamites,
681 2287 748 2369 περὶ
771 2285 881 2370 ἡμέρας
901 2289 1038 2349 distinxit
1059 2290 1229 2350 materiam-

221 2396 278 2454 que
296 2378 457 2438 sccundnm
475 2378 575 2454 capIta
593 2379 638 2438 ita
656 2377 798 2439 distincta
811 2378 942 2456 digessit
979 2398 1075 2455 neque
1089 2397 1159 2437 vero
1174 2379 1229 2438 dii·

220 2467 298 2526 ficile
316 2469 390 2541 erat,
408 2466 542 2527 ordinem
560 2467 599 2526 ad
617 2467 751 2528 codicum
763 2467 823 2527 ΧΥ
840 2467 929 2527 fidem
941 2467 1107 2526 restituere.
1136 2467 1230 2543 ipsius

219 2553 375 2614 Laurentii
405 2574 535 2631 quonam
563 2555 663 2616 codice
692 2574 762 2616 usus
792 2555 833 2614 sit
859 2556 1039 2632 epitomator
1065 2555 1174 2614 codicis
1201 2555 1232 2614 H

218 2661 314 2718 acque
338 2646 428 2718 atque
450 2643 482 2702 in
503 2644 639 2704 Parisino
662 2645 759 2704 dicere
781 2643 869 2703 hodie
896 2644 957 2702 iam
983 2661 1043 2702 non
1061 2659 1230 2719 possumus3

219 2731 276 2791 hoc
304 2731 400 2791 solum
429 2732 590 2807 constabit,
618 2733 811 2810 integriorem
838 2751 907 2791 eum
935 2730 1026 2792 fuisse
1050 2749 1141 2808 quam
1162 2730 1231 2792 illos

221 2837 295 2895 qnos
318 2837 409 2896 supra
431 2821 724 2882 commemoravimus
742 2819 887 2897 excerptis
906 2820 1054 2880 comentes
1073 2822 1104 2880 et
1121 2820 1230 2881 codicis

220 2909 247 2970 R
270 2908 389 2968 similes.

287 3033 445 3092 Tractatns
481 3036 582 3093 autem
618 3033 699 3094 illius
738 3033 938 3108 astronomici,
976 3054 1064 3111 quem
1101 3034 1231 3095 servavit

220 3122 311 3182 codex
325 3122 363 3198 Η,
380 3141 473 3181 unum
489 3123 585 3182 solum
598 3155 640 3166 —
656 3123 736 3201 quod
754 3123 873 3200 quidem
891 3124 1009 3185 videam
1021 3155 1059 3164 -
1070 3123 1231 3201 vestigium

220 3214 340 3289 praeter
361 3211 460 3287 ipsum
483 3214 528 3271 est
554 3211 690 3273 relicum:
726 3215 860 3272 tenemus
884 3212 962 3272 enim
985 3211 1093 3272 codicis
1115 3211 1231 3271 Hamil-

296 3487 305 3519 ¹
324 3488 358 3543 de
376 3487 515 3544 mensium
533 3487 671 3559 catalogis
695 3488 949 3558 aByzantinornm
969 3486 1038 3542 vin's
1057 3487 1146 3542 doctis
1166 3503 1232 3541 con·

221 3557 303 3612 fectis
330 3559 395 3613 vide
422 3577 496 3614 nunc
523 3560 553 3614 L.
574 3559 668 3627 Volta,
699 3559 912 3630 Bemerknngen
939 3577 973 3613 au
1000 3557 1233 3628 byzantinischen

220 3629 427 3698 Monatslisten,
445 3631 510 3701 Bya.
531 3631 636 3688 Ztschr.
650 3631 702 3685 VH
722 3637 790 3687 1898
809 3648 836 3701 p.
852 3635 903 3684 547
913 3646 974 3699 sqq.
