2788 4222
218 295 308 351 XXVI
617 295 821 351 PRAEFATIO

219 463 299 524 cordi
328 464 399 539 fuit,
428 462 516 523 hodie
546 483 663 539 quoque
694 463 914 538 dissereremus,
944 463 1002 522 nisi
1029 464 1112 523 vario
1139 464 1228 526 modo

218 552 372 628 inscriptio
396 552 459 610 eius
482 551 595 610 tradita
617 556 702 611 esset.
743 572 813 611 nam
835 554 956 628 praeter
977 551 1044 610 illos
1067 551 1190 628 codices,
1209 570 1229 612 a

219 639 325 716 quibus
354 643 389 698 nt
419 659 437 700 a
460 640 558 700 codice
581 640 608 699 R
630 643 788 700 unacum
816 640 938 715 reliquis
961 639 1115 700 Laurentii
1145 641 1228 720 frag·

218 729 325 789 mentis
349 728 411 789 sine
434 729 495 788 ullo
519 729 647 788 auctoris
670 730 789 788 nomine
817 729 969 806 generatio
992 729 1119 789 hominis
1142 749 1228 788 enar·

216 821 311 893 ratur,
325 818 377 878 alii
391 820 469 893 sunt,
483 817 515 875 in
534 817 639 894 quibus
658 818 737 877 solus
756 837 809 894 per
826 836 857 876 se
877 819 1013 876 exaratus
1028 818 1068 876 sit
1081 819 1227 878 tractatus

216 907 268 965 ille
295 909 326 965 et
352 906 539 966 adscribatur
564 905 596 964 in
623 907 757 984 margine
791 905 920 966 auctoris
952 924 1060 965 nomen
1091 908 1227 966 Σπλινοῦ

218 988 277 1077 (ita
303 995 398 1072 Neap.
420 994 452 1053 Π
479 993 501 1054 0
525 990 581 1072 33)
615 994 663 1054 vel
692 993 848 1072 Σττληνίου
880 992 1048 1071 φιλοσόφου
1080 987 1226 1076 (Vindob.

216 1084 306 1143 theol.
331 1076 420 1165 207),
442 1084 496 1142 aut
516 1082 667 1161 liudovico
690 1081 858 1160 φιλοσόφου
881 1079 961 1160 (Par.
984 1102 1027 1160 gr.
1047 1075 1149 1164 2894)
1173 1087 1227 1144 eut

218 1173 345 1248 denique
382 1164 523 1232 Ἰωάννου
563 1179 616 1231 του
654 1173 854 1250 Δαμασκηνοῦ
894 1167 1021 1248 (Monac.
1058 1190 1101 1248 gr.
1138 1164 1227 1253 498),

218 1281 343 1339 quorum
371 1261 459 1337 longe
489 1259 660 1336 saepissime
690 1261 818 1320 coemi-it
844 1259 999 1338 Σοτληνίου
1029 1279 1150 1336 nomen,
1181 1261 1226 1320 ite

217 1352 251 1409 ut
279 1350 391 1425 Splmli
419 1349 467 1410 vel
496 1349 605 1424 δράκοντα·
637 1367 745 1409 nomen
779 1349 921 1425 adeptum
955 1348 996 1408 sit
1024 1348 1226 1427 fragmentum

217 1439 292 1498 illud
317 1438 397 1497 inter
422 1438 501 1498 viros
529 1437 638 1498 doctos.
684 1441 775 1514 atque
800 1439 856 1498 hcc
883 1437 1003 1514 quidem
1029 1456 1137 1497 nomen
1164 1455 1227 1496 ocr-

216 1531 338 1604 ruptum
367 1545 430 1586 esse
455 1545 490 1585 ex
513 1526 544 1586 S.
571 1527 690 1587 Plinius
716 1546 770 1603 pro
800 1526 830 1586 0.
858 1527 976 1586 Plinius
1002 1526 1128 1586 coniecit
1155 1526 1229 1585 olim

218 1614 393 1675 Lambeoius
426 1607 544 1696 (comm.
576 1614 613 1674 de
643 1615 713 1674 bibl.
747 1614 828 1674 Caes.
860 1615 897 1690 V,
925 1607 996 1696 26),
1028 1615 1123 1674 denuo
1153 1614 1229 1674 haec

219 1704 353 1780 quaestio
372 1705 454 1764 mota
473 1707 526 1779 est,
550 1723 617 1764 cum
634 1704 668 1762 Ε.
683 1703 785 1764 Rohde
804 1704 930 1762 eundem
947 1705 1109 1763 tractatum
1127 1703 1230 1762 ederet

218 1813 233 1852 e
252 1793 351 1853 codice
369 1792 541 1852 Vaticano
560 1811 687 1870 graeco
708 1795 748 1850 12
767 1793 799 1850 in
818 1791 901 1851 Actis
920 1809 977 1850 soc.
996 1791 1098 1868 philol.
1117 1791 1229 1868 Lips.I

217 1901 245 1957 p.
271 1884 326 1954 283
353 1880 515 1941 dissensere
543 1880 648 1939 deinde
676 1880 712 1939 de
744 1879 917 1956 explicando
949 1881 1066 1939 nomine
1098 1879 1131 1938 L.
1154 1880 1228 1939 Din-

219 1970 327 2029 dorfius
351 1965 467 2046 (Jahrb.
483 1971 566 2029 1871
587 1989 615 2044 p.
631 1961 711 2050 331)
725 1971 756 2027 et
773 1969 837 2044 ipse
855 1967 987 2028 Rohdius
1007 1961 1123 2050 (Jahrb.
1140 1970 1224 2030 1871

217 2078 245 2135 p.
262 2060 334 2118 577.
353 2058 419 2118 Act.
434 2075 491 2117 soc.
505 2057 578 2134 phil.
592 2057 673 2134 Lips.
686 2057 724 2133 V,
735 2050 822 2137 306),
840 2059 906 2115 tum
927 2056 1022 2116 fusius
1040 2057 1229 2133 disputatum

218 2150 263 2207 est
285 2147 321 2206 de
345 2166 379 2208 eo
403 2165 421 2206 a
439 2146 473 2205 R.
496 2145 660 2220 Foerstero,
682 2147 701 2204 l.
721 2164 742 2205 s.
756 2166 786 2222 p.
801 2148 875 2220 218,
898 2145 950 2222 qui
972 2164 1038 2204 cam
1061 2145 1229 2222 explicandi

216 2236 297 2296 viem
318 2235 467 2313 ingressus
486 2236 539 2311 est,
562 2238 597 2294 ut
615 2237 744 2294 sumeret
762 2234 941 2311 exscriptum
959 2253 1022 2294 esse
1042 2235 1190 2310 quondam
1210 2255 1225 2294 e

217 2324 379 2385 Laurentio
405 2326 568 2384 tractatum
595 2323 680 2383 illum
706 2320 772 2402 περὶ
793 2319 945 2404 γενέσεως,
972 2323 1055 2382 cuius
1078 2322 1174 2384 verbis
1198 2322 1231 2383 οἱ

216 2411 271 2492 τὴν
294 2411 426 2492 φυσικὴν
448 2412 577 2492 ἱστορίαν
600 2411 818 2492 συγγράφοντες
836 2443 879 2454 -
897 2413 945 2472 vel
963 2413 998 2470 ut
1015 2429 1093 2470 nunc
1110 2411 1228 2487 plenius

216 2503 326 2580 legitur
349 2502 380 2562 οἱ
394 2509 453 2562 τῶν
467 2494 616 2580 Ῥωμαίων
633 2498 689 2577 τὴν
706 2499 839 2578 φυσικὴν
856 2499 986 2582 ἱστορίαν
1005 2499 1233 2580 συγγράφοντεςΙ

217 2611 245 2666 p.
266 2591 317 2664 84,
338 2592 378 2649 14
401 2621 438 2632 -
461 2609 480 2648 a
502 2590 593 2650 sciolo
621 2589 750 2666 quodem
773 2589 955 2665 adscriptum
976 2589 1017 2648 sit
1039 2589 1071 2647 in
1092 2589 1230 2666 margine

217 2697 324 2737 nomen
343 2678 405 2738 eius
429 2697 517 2754 quem
538 2678 637 2738 medio
660 2697 733 2738 aevo
756 2695 904 2737 summum
925 2678 1109 2736 naturalium
1128 2697 1228 2736 rerum

218 2769 369 2825 auctorem
386 2766 543 2843 putabant,
561 2766 726 2843 ΓΠλινίου,
746 2768 799 2826 aut
816 2768 851 2824 ut
868 2768 933 2824 tum
951 2765 1077 2825 scribere
1091 2765 1229 2826 solebant

217 2853 387 2931 ΓΠληνίου.
417 2858 536 2915 mutato
550 2855 655 2914 deinde
663 2855 779 2915 incuria
791 2854 1002 2914 librarioruum
1014 2853 1112 2930 prima
1124 2855 1230 2914 littera

217 2942 383 3020 ΣΠλνγνίου
397 2962 460 3003 esse
474 2946 582 3019 ortum,
596 2944 675 3020 quod
688 2963 795 3004 nomen
805 2963 872 3003 cum
886 2945 1057 3019 corruptum
1066 2961 1129 3003 esse
1138 2943 1227 3002 intel·

217 3034 330 3111 legeret
342 3032 472 3092 Parisini
486 3034 593 3093 codicis
608 3035 719 3108 auctor,
733 3033 863 3092 mutavit
875 3033 907 3091 in
921 3031 1081 3111 Λιβανίου,
1095 3031 1174 3090 unde
1183 3030 1228 3108 fit,

217 3126 254 3182 ut
270 3121 318 3181 hic
336 3123 482 3181 tractatus
507 3123 599 3182 etiam
615 3121 694 3182 inter
711 3121 831 3180 Libanii
848 3121 1016 3198 fragmenta
1033 3123 1168 3196 receptus
1187 3120 1228 3180 sit

217 3213 280 3271 sine
300 3210 428 3270 auctoris
447 3204 597 3270 nominez¹
614 3211 734 3270 Ioannis
748 3211 925 3269 Demasceui
939 3229 1010 3270 vero
1023 3228 1131 3270 nomen
1144 3227 1226 3269 mero

217 3300 331 3360 scribae
353 3298 506 3359 cuiusdam
529 3299 652 3358 arbitrio
675 3298 776 3359 deberi
798 3297 938 3374 opinetur
959 3298 1169 3358 Krumbaoher.
1231 3313 1236 3334 ³

283 3388 383 3464 Atque
415 3387 563 3449 Foersteri
596 3388 715 3464 quidem
746 3387 912 3464 explicandi
942 3386 1020 3446 retic
1053 3386 1092 3446 ad
1122 3405 1227 3471 verum

217 3515 429 3528 -ι--ι--ιιι-

291 3592 301 3624 ¹
318 3592 371 3648 hoc
389 3593 419 3647 in
437 3592 533 3648 codice
547 3591 705 3648 Parisino
718 3608 847 3718 Fgraeco
867 3596 935 3648 1000
954 3608 974 3645 s.
990 3590 1041 3646 XV
1058 3590 1077 3646 f.
1094 3596 1161 3646 170'
1180 3595 1238 3644 ac-‘

217 3662 320 3718 cidisse
337 3664 458 3734 benigne
475 3680 521 3719 me
540 3664 649 3719 monuit
666 3665 699 3720 R.
741 3666 853 3719 oerster.
871 3666 873 3670 ’
