2790 4214
237 249 280 314 32
616 248 725 302 LIBER
742 248 863 301 ALTER

160 425 217 482 ΧΥ
235 411 254 478 δ
272 410 470 496 Ἀφροδίτης
492 412 510 478 ὁ
533 409 588 476 καί
603 410 774 496 Ἕσπερος,
788 411 833 488 ὡς
847 410 984 496 Ἕλλησι
1003 414 1107 477 δοκεῖ·
1124 410 1245 497 Ἀφρο-

236 520 332 602 δίτην
350 513 387 582 δὲ
406 519 448 583 ἄν
466 542 516 595 τις
534 523 622 583 είτιοι
640 517 702 600 την
718 526 779 581 τοῦ
801 518 924 594 παντὸς
946 519 1110 601 αἰσθητοῦ
1129 519 1244 602 φύσιν,

235 623 384 690 τουτέστι
411 625 473 708 την
499 632 691 709 πρωτογενη
717 623 818 707 ὕλην,
844 623 888 707 ἣν
914 623 969 689 καὶ
991 623 1163 710 Ἀστερίαν
1189 624 1245 690 καὶ

238 730 410 815 Οὐρανίαν
431 734 524 795 καλελ
550 731 590 794 τά
622 733 726 812 λόγιοι
772 730 877 815 δγδιρ
900 729 934 808 ἓξ
957 729 1102 816 άριθμδς
1128 754 1246 815 γεννη-

210 837 413 912 Ιιτικιότοιτός
441 836 531 901 ἐστιν
562 837 607 912 ὡς
636 835 897 921 άρτιοτιέριττος,
929 835 1074 922 μετέχων
1105 837 1160 903 καὶ
1187 848 1246 922 τῆς

236 946 413 1029 δραστικης
442 942 557 1018 οὐσίας
583 945 665 1008 κατὰ
691 944 751 1008 τόν
777 945 932 1028 περιττὸν
963 941 1018 1008 καὶ
1045 952 1103 1027 της
1129 945 1246 1029 ὑλικῆς

235 1052 318 1116 κατά
340 1050 400 1115 τὸν
422 1051 547 1134 ἄρτιον.
588 1048 670 1114 ὅθεν
692 1047 747 1114 καὶ
771 1051 803 1115 οἱ
826 1049 957 1135 ἀρχαῖοι
980 1052 1088 1135 γάμον
1108 1049 1165 1115 καὶ
1188 1050 1246 1136 άρ-

236 1161 356 1242 μονίαν
379 1155 482 1220 αὐτὸν
510 1152 681 1220 ἐκάλεσαν·
709 1166 776 1220 τῶν
802 1157 866 1241 γὰρ
894 1155 959 1221 άτὸ
977 1157 1122 1240 μονάδος
1144 1160 1246 1242 μόνος

196 1282 223 1335 Χ
236 1263 358 1339 τέλειός
385 1261 454 1326 ἐστι
481 1272 551 1338 τολς
583 1259 703 1327 ἑαυτοῦ
727 1261 854 1347 μέρεσι,
887 1263 1182 1349 συμπληρούμενος
1210 1263 1246 1328 ἐκ

197 1397 224 1436 10
237 1382 304 1436 τῶν
326 1369 451 1453 αὐτῶν,
480 1368 620 1453 ἡμίσους
646 1365 708 1453 μὲν
730 1370 879 1453 τριάδος,
909 1372 1023 1454 τρίτου
1046 1365 1084 1434 δὲ
1111 1370 1245 1453 δυάδος,

166 1488 223 1542 ΧΥ
237 1477 333 1543 ἕκτου
352 1472 389 1540 δὲ
407 1476 561 1560 μονάδος.
596 1473 651 1540 καί
670 1474 782 1551 ἁπλῶς
801 1477 906 1540 εἰπεῖν
929 1477 1035 1561 ἄρρην
1053 1499 1088 1541 τε
1110 1474 1165 1541 καὶ
1183 1483 1245 1560 θη-

237 1589 296 1661 λυς
319 1578 405 1648 εἶναι
434 1580 596 1667 πέφυκεν,
629 1583 674 1658 ὡς
700 1580 756 1646 καὶ
783 1582 866 1666 αὐτὴ
889 1580 1069 1668 Ἀφροδίτη
1097 1584 1158 1666 την
1185 1592 1245 1648 τοῦ

237 1692 375 1776 ἄρρενος
392 1692 454 1772 τήν
473 1712 508 1754 τε
526 1697 586 1753 τοῦ
605 1692 727 1772 θήλεος
746 1690 866 1772 ἔχουσα
880 1690 985 1773 φύσιν
1003 1686 1058 1754 καὶ
1077 1690 1132 1754 διδ
1147 1697 1245 1754 τοῦτο

196 1818 222 1871 x
235 1799 324 1883 παρὰ
346 1807 416 1872 τοῖς
438 1798 614 1878 θεολόγοις
636 1794 866 1881 άρρενόθηλυς
884 1794 1079 1880 καλουμένη.
1115 1795 1171 1861 καί
1189 1798 1245 1861 άλ-

197 1932 223 1971 ιι
238 1911 294 1980 λος
317 1907 432 1988 φησίν·
460 1902 478 1969 ὁ
502 1899 535 1980 ἓξ
558 1901 703 1988 ἀριθμὸς
725 1905 947 1986 ψυχογονικός
975 1902 1065 1969 ἐστιν
1088 1903 1152 1968 ἀπὸ
1177 1902 1247 1982 ἑξά-

237 2011 295 2086 δος
326 2009 582 2094 ἐπιπεδούμενος
613 2018 652 2095 τῇ
689 2018 750 2074 τοῦ
785 2011 908 2085 παντὸς
944 2014 1083 2096 σφαίρᾳ,
1119 2007 1175 2074 καὶ
1206 2012 1247 2075 τά

238 2117 371 2183 ἐναντία
393 2112 431 2180 δὲ
452 2117 743 2201 κατακεράννυσιν.
790 2117 837 2191 είς
864 2115 1024 2200 ὁμόνοιαν
1051 2114 1106 2181 καὶ
1129 2120 1247 2201 φιλίαν

237 2226 319 2308 άγει,
342 2225 453 2288 ἔπειτα
475 2219 513 2288 δὲ
535 2223 652 2306 ὑγείαν
674 2218 736 2307 μὲν
753 2221 898 2307 ἐμποιῶν
916 2234 986 2299 τοῖς
1005 2223 1142 2307 σώμασι,
1166 2240 1246 2308 συμ-

237 2334 368 2416 φωνίαν
391 2326 428 2395 δὲ
451 2329 489 2395 ἐν
510 2331 596 2416 λύρᾳ
617 2329 672 2394 καὶ
699 2339 841 2417 μουσικῇ
869 2328 924 2394 καὶ
951 2330 1072 2416 ἀρετὴν
1098 2329 1246 2416 ἐνψυχῇ

177 2466 224 2528 ,ιο
238 2434 292 2501 καί
311 2435 348 2501 ἐν
365 2438 459 2501 πόλει
478 2436 642 2519 εὐθηνίαν
660 2438 698 2500 ἔν
712 2459 751 2500 τε
768 2443 814 2523 τῷ
832 2433 932 2501 παντὶ
950 2438 1122 2522 πρόνοιαν.
1164 2436 1246 2502 ὅθεν

197 2542 291 2610 Χκαὶ
309 2542 449 2627 Ὀρφεὺς
470 2540 546 2627 περὶ
569 2541 683 2621 ἑξάδος
705 2543 809 2607 ταῦτά
831 2559 926 2626 φησι·

307 2701 333 2736 v.
352 2688 370 2736 4
388 2681 520 2735 Krollde
539 2698 578 2735 or.
598 2680 695 2735 Chald.
714 2699 741 2749 p.
762 2681 820 2734 10¹.

307 2861 331 2896 v.
351 2847 367 2894 2
387 2840 450 2909 είτιη
470 2840 501 2895 F
579 2847 775 2910 3ιτατρογενῆ
795 2841 827 2894 Χ
856 2814 1014 2911 ίιδῗίροογενῆ
1038 2843 1109 2895 ΕΜ
1140 2816 1248 2910 afflg-

237 2921 303 2985 γενῆ
324 2913 357 2981 G,
394 2919 612 2982 πρωπατρογενῆ
633 2913 662 2980 0,
702 2920 862 2983 πρωτογενῆ
890 2913 960 2966 DF
1043 2919 1058 2966 ὃ
1090 2911 1248 2982 ἀρτιοπέρι-

236 3005 284 3048 τος
302 2985 337 3052 A,
360 3002 448 3045 -ιττος
467 2999 534 3037 corr.
553 2984 581 3037 A
686 2981 791 3038 ’ίδθεν
810 2983 838 3038 οἱ
851 2985 883 3036 Χ
976 2983 1098 3040 8αότὸν
1120 2983 1198 3038 οωίε.
1219 2985 1248 3038 D

238 3062 331 3117 9τοῑς
345 3086 381 3094 -
396 3060 427 3108 11
443 3052 567 3123 μονάδος
585 3023 687 3108 δυειιιιλ
709 3054 738 3108 Y
830 3061 861 3108 11
892 3052 973 3109 ἕκτον
1001 3053 1032 3108 δὲ
1055 3054 1179 3124 μονάδος
1201 3055 1248 3108 de-

238 3129 304 3180 sunt
319 3127 346 3179 Β
405 3121 572 3194 12ιτέφυκε.
591 3124 711 3195 καὶγὰρ
734 3127 783 3180 καὶ
805 3125 823 3196 ἡ
842 3124 982 3195 ἀφροδίτη
1006 3125 1155 3196 (άφροτίδη
1175 3127 1251 3196 Β)Χ

239 3203 272 3252 13
282 3197 381 3265 άρενος
390 3197 439 3251 καί
451 3194 554 3263 θηλεος
563 3197 601 3264 Χ,
619 3195 737 3264 ἄρρενος
749 3196 801 3264 τήν
814 3217 843 3251 τε
856 3205 906 3251 τοῦ
920 3196 1023 3264 θηλεος
1036 3197 1069 3250 Y.
1083 3198 1249 3252 Lambecius

237 3269 267 3323 in
282 3267 419 3324 coffinum
431 3286 458 3338 p.
468 3272 518 3320 153
528 3285 586 3322 nro.
596 3273 642 3322 28:
657 3269 706 3322 καί
720 3267 772 3338 γὰρ
787 3270 836 3323 καί
849 3265 1024 3338 ἡἈφροδίτη
1039 3267 1090 3337 τὴν
1103 3276 1153 3323 τοῦ
1168 3268 1249 3337 άρρε-

238 3360 287 3402 νος
304 3341 352 3394 καὶ
366 3338 469 3407 θηλεος
482 3337 582 3409 ἔχοντα
600 3339 687 3408 φύσιν
707 3337 904 3409 άρρηνόθηλυς
916 3342 1048 3394 καλεῖται.
1074 3340 1078 3410 Ι
1103 3341 1201 3394 καλ-
1216 3347 1249 3393 14

182 3467 184 3478 ,
237 3408 383 3481 θεολόγοις
400 3409 478 3464 omis.
498 3411 526 3464 B
616 3416 651 3463 14
668 3414 792 3465 καλεῖται
810 3411 846 3479 Β,
865 3407 1021 3480 καλουμένη
1039 3411 1115 3479 AY,
1140 3411 1251 3479 reliqua

237 3480 321 3535 huius
364 3481 514 3552 aragraphi
537 3482 637 3535 desunt
660 3483 689 3535 Y
711 3486 715 3554 λ
739 3481 819 3544 ἄλλος
837 3482 877 3550 Α,
904 3481 991 3544 άλλως
1009 3482 1037 3535 Β
1122 3488 1154 3536 15
1174 3482 1202 3547 ἐξ
1221 3483 1249 3536 Β

240 3559 272 3678 Ῑέ
288 3499 451 3675 φὲλὲίδιᾌκαλ
475 3551 610 3622 ὁμόνοιαν
628 3553 656 3606 Β
741 3559 773 3608 18
793 3552 913 3607 ἐκκοιῶν
932 3554 960 3606 Β
1033 3558 1067 3607 20
1085 3551 1193 3623 θηνίαν
1212 3554 1247 3621 A,

240 3643 252 3678 ε
289 3639 306 3676 a
347 3664 352 3675 .
404 3663 414 3692 ,
