2790 4214
528 294 635 349 LIBER
653 295 787 349 PRIMUS
1122 295 1162 358 17

154 462 335 543 Φοντήιος,
373 457 405 536 ἐξ
433 452 481 522 ὧν
507 456 562 523 καλ
590 458 608 525 ὁ
640 459 960 534 διδασκαλικάτατος
990 457 1201 544 ούάρρων,0

147 565 299 650 Ῥωμαῖοι
326 565 460 647 πάντες,
489 563 565 648 μεθ’
590 563 648 641 οὓς
671 565 878 641 Σαλούστιος
905 560 1003 641 οὗτος
1030 564 1048 631 ὁ
1077 565 1165 629 λστο-

152 673 244 760 ρικὸς
268 669 321 737 ἐπὶ
344 680 402 755 τῆς
423 672 555 758 πρώτης
579 673 725 757 λστορίας
749 682 862 757 σαφῶς
885 671 1108 737 ἀναδιδάσκει.
1226 725 1229 734 ,

219 779 270 844 38.
290 778 459 863 Ῥαμνίτας
481 775 536 842 καλ
560 781 691 854 Τιτίονς
711 780 811 844 ἱστῶν
828 776 883 843 καὶ
898 779 1081 864 Λούκερας·
1105 759 1271 864 τάςᾱῗξη·

151 882 189 950 δὲ
213 887 319 962 αλτίας
341 883 483 951 τουτωνὶ
505 895 573 949 τῶν
595 884 768 968 ὀνομάτων
791 883 828 949 έν
851 894 921 961 τοῖς
943 882 1020 970 περὶ
1038 895 1163 969 μηνῶν,
1191 902 1204 941 5

152 993 197 1069 ὡς
220 997 358 1077 εἴρηται,
381 997 529 1056 τεθεῖσιν
551 990 631 1075 ἡμῖν
654 991 918 1076 ἀποδεδώκαμεν.

221 1097 272 1162 39.
305 1097 480 1162 Γλωσσίδα
512 1098 587 1161 τινά
618 1099 725 1180 ἤγουν
757 1098 937 1182 διάβλημα,
969 1093 1272 1203 χρυσοτελέςᾱῇᾒζῑ·

152 1202 208 1270 καὶ
236 1203 332 1288 αὐτό,
362 1205 410 1280 εἰς
436 1205 578 1289 βότρυος
606 1213 712 1288 σχῆμα
737 1202 960 1288 πεποιημένον
988 1201 1030 1268 δι’
1058 1204 1101 1286 ἣν
1129 1203 1145 1268 ἐ

151 1321 191 1397 τῇ
215 1309 290 1395 περὶ
313 1320 429 1394 μηνῶν
451 1319 627 1395 συγγραφῇ
650 1309 906 1394 ἀποδεδώκαμεν
929 1311 1047 1376 αἰτίαν.

220 1416 272 1480 40.
296 1416 408 1481 Πάλαι
430 1417 494 1501 γάρ
517 1413 572 1480 καλ
595 1424 660 1481 νῦν
678 1412 716 1480 δὲ
734 1414 809 1502 παρ’
833 1414 946 1491 αὐτοῖς
966 1427 1033 1481 τῶν
1051 1415 1271 1520 ὅπλωνᾱῇᾞ·

152 1523 396 1609 στρατεύμασιν
427 1521 615 1608 ἐπιφέρεται
648 1522 665 1588 ὁ
697 1533 765 1587 τῶν
796 1520 984 1606 λεγομένοιν
1016 1523 1164 1608 βιάρχων
1178 1538 1204 1576 11

152 1640 282 1715 πρῶτος
306 1629 432 1714 ῥάβδον
453 1630 593 1713 κλήματι
616 1627 649 1707 ἐξ
672 1628 822 1715 ἀργύρου
845 1627 1054 1716 πεποιημένῳ
1074 1650 1167 1716 περι-

153 1733 382 1819 πεπλεγμένην
403 1737 487 1820 πρὸς
513 1745 608 1820 τιμῆς
630 1744 690 1801 τοῦ
712 1757 791 1801 ποτε
819 1734 1017 1821 τιμηθέντος
1040 1735 1167 1801 Διονύ-

154 1859 230 1926 σου,
258 1842 302 1918 ὡς
330 1841 367 1907 έν
393 1853 463 1920 τοῖς
490 1840 566 1928 περὶ
593 1854 707 1927 μηνῶν
732 1841 955 1928 ἀποχρώντως.
979 1842 1059 1927 ἡμῖν
1087 1842 1166 1927 ἀνή·

153 1965 291 2016 νεκται.’
1177 1962 1203 2001 1⁵

219 2055 272 2119 41.
297 2053 368 2120 Ὅτι
405 2055 657 2139 βηξιλλατίωνες
690 2058 722 2122 οἱ
750 2056 918 2141 Ῥωμαίων
952 2058 1062 2134 ἱππεῖς
1091 2056 1273 2130 καλοεοιεο.

154 2160 292 2246 βήξιλλα
311 2163 589 2248 παραπετάσματα
615 2163 651 2228 έκ
676 2164 852 2250 πορφύρας
882 2162 937 2228 καλ
966 2172 1092 2250 χρυσοῦ
1120 2164 1167 2239 εἰς

153 2269 363 2354 τετράγωνον
390 2278 497 2353 σχῆμα
523 2268 739 2354 πεποιημένα·
767 2279 869 2335 ταῦτα
893 2268 1091 2357 ἐξαρτῶντες
1114 2267 1167 2334 έκλ

154 2385 290 2460 μακρῶν
318 2376 484 2460 δοράτων,
511 2377 620 2464 κύκλφ
648 2379 958 2462 παραπορευόμενοι
985 2387 1053 2442 τῶν
1075 2379 1168 2460 βασι-

154 2479 240 2547 λέων
275 2479 557 2548 κατασκέπτουσιν
593 2481 722 2558 αὐτούς.
775 2478 842 2547 ελεν
875 2481 903 2547 δ’
934 2481 976 2548 ἀν
1005 2484 1045 2548 τδ
1075 2484 1167 2564 λεγό-
1181 2500 1207 2538 20

154 2613 237 2673 μενα
260 2589 467 2673 φλάμμουλα.

226 2787 241 2847 ς
259 2786 293 2834 41
313 2780 412 2850 Georg.
433 2779 547 2834 Cedren.
566 2778 632 2834 hist,
647 2797 735 2850 comp.
750 2799 776 2851 p.
790 2786 870 2850 298‚4
888 2782 985 2850 Bona,
1000 2780 1049 2850 qui
1063 2781 1167 2854 βιξιλα-

155 2851 251 2914 τίωνες
269 2848 359 2924 βλξιλα
378 2850 524 2920 φλάμονλα
547 2850 657 2919 scribit3
684 2851 718 2906 cf.
739 2852 773 2905 de
791 2869 866 2924 mag.
885 2853 941 2922 I,8:
962 2853 1079 2921 Βήξιλλα
1097 2853 1168 2920 πρὸς

155 2924 264 2985 τούτοις
282 2923 370 2979 οἱονεὶ
391 2920 499 2992 δόρατα
522 2920 614 2992 μακρδι
638 2921 828 2993 ἐξηρτημένων
860 2923 1042 2994 ὑφασμάτων
1076 2921 1167 2992 φλάμ-

122 3031 126 3042 ·
156 2998 244 3064 μονλα
272 2993 343 3048 αύτά
370 2994 427 3049 ἀπὸ
454 3001 503 3048 τού
522 2991 658 3064 φλογίνου
676 2995 818 3064 χρώματος
836 2998 964 3050 καλοῦσι·
991 2996 1056 3063 περὶ
1078 2992 1118 3048 ὧν
1136 2993 1167 3048 ἐν

154 3075 214 3128 τοῖς
240 3066 305 3135 περὶ
332 3075 427 3135 μηνῶν
459 3074 607 3136 γραφεῖσιν
650 3063 710 3134 “μῖν
740 3064 924 3136 ἀποχρώντως
955 3065 1107 3134 ἀνήνεκται
1139 3067 1167 3118 et

156 3138 253 3206 11,192
281 3135 399 3204 Βήξιλλα
431 3135 483 3207 γάρ
511 3136 595 3198 αὐτὸς
621 3085 706 3204 μάνος
733 3136 748 3192 δ
772 3142 882 3207 Καῖσαρ
910 3137 983 3208 ἔχειν
1010 3137 1041 3191 τὸ
1069 3134 1167 3190 λοιπὸν

156 3206 327 3278 γνωρίζεται·
347 3205 410 3263 τίνα
425 3205 558 3262 δὲταῦτα
577 3206 607 3262 ἐν
625 3212 663 3280 τῷ
682 3208 745 3276 περὶ
764 3218 859 3278 μηνῶν
878 3206 1064 3276 ἐπεδείξαμεν.

645 3443 769 3452 Ν---ο-

213 3768 296 3808 Ianus
310 3767 345 3807 ed.
355 3768 507 3807 Wuonsch.
