2790 4214
209 271 253 336 42
571 271 680 325 LIBER
697 269 851 325 TERTIUS

111 445 193 502 XYS
207 435 334 520 ταύρου
356 432 531 519 μυκωμένη
551 435 726 519 δαιμόνιόν
743 458 819 500 τινα
832 435 1010 519 μυκηθμὸν
1025 435 1071 510 εἰς
1085 435 1147 518 την
1160 443 1221 500 τού

209 541 319 625 άέρος,
347 540 367 624 ἡ
392 537 429 606 δέ
455 551 516 607 τοῦ
543 540 651 627 ύδρου
677 542 779 627 πικρά
805 539 860 606 καὶ
889 543 1027 618 ἄστυτος
1050 541 1150 626 φύσις
1174 543 1221 618 εἰς

209 649 270 732 τὴν
291 656 352 713 τοῦ
375 647 511 732 ύδατος,
534 647 554 730 ἡ
579 644 616 712 δὲ
637 656 699 714 τοῦ
721 649 823 724 κυνὸς
844 649 1020 732 κοάαστικη
1043 645 1099 712 καὶ
1120 671 1222 732 τιμω-

209 755 266 840 ρὸς
296 756 344 831 εἰς
374 755 436 838 τὴν
467 764 539 838 γῆν.
585 755 668 820 ὅθεν
698 752 754 819 καὶ
785 753 957 839 Κέρβερον
985 753 1089 837 αὐτὴν
1116 751 1221 820 οἱονεὶ

168 872 194 925 X
207 863 397 946 κρεωβύρον
429 862 461 926 οἱ
492 859 626 944 ποιηταὶ
657 861 973 947 προσαγορεύουσιν.
1026 859 1125 944 αὐτῆς
1157 855 1220 926 οὖν

182 975 266 1050 στῆς
289 968 428 1050 σελήνης
451 978 518 1032 τῶν
539 967 708 1052 τεσσάρων
731 969 903 1050 στοιχείων
930 967 1114 1052 κρατούσης
1137 969 1221 1032 εἰκό-

208 1095 272 1150 τως
295 1074 327 1138 οέ
349 1071 485 1138 παλαιοὶ
507 1074 569 1156 τὴν
596 1073 701 1159 ἀρχὴν
727 1082 788 1139 τοῦ
815 1076 910 1149 ἔτους
933 1072 1131 1157 ἀμφοτέροις
1154 1075 1220 1157 άμα

209 1177 369 1245 ἀνέθεντο
393 1190 463 1256 τοῖς
486 1184 604 1264 φωσίν.

275 1287 305 1351 9.
317 1288 360 1352 Αἱ
374 1296 434 1353 τοῦ
449 1289 576 1372 σπόρου
592 1285 712 1372 ἑορταί,
730 1288 765 1351 αἱ
780 1288 954 1370 λεγόμεναι
972 1288 1061 1372 παρὰ
1075 1285 1150 1350 Ῥω-
1159 1296 1273 1366 RrIII,6

168 1416 196 1456 10
209 1396 319 1477 μαίοις
356 1397 568 1478 σημαντῑβαι,
609 1391 758 1459 τουτέστι
796 1395 967 1478 σπόριμοι,
1004 1393 1065 1458 ούκ
1102 1396 1221 1478 ἔλαχον

209 1497 397 1585 ὡρισμένην
423 1500 563 1588 ἡμέραν,
591 1501 642 1567 ὅτι
670 1500 731 1566 οὐκ
758 1499 920 1585 εὐπρεπὴς
946 1508 1011 1576 πῶς
1032 1501 1146 1585 καιρὸς
1174 1502 1221 1576 εἰς

209 1606 314 1691 ἀρχὴν
342 1610 482 1693 σπόρου·
514 1607 534 1690 ἢ
558 1609 621 1693 γάρ
649 1608 797 1694 πράϊμος
825 1607 881 1671 διὰ
908 1607 966 1683 τὰς
994 1604 1173 1691 ἐπομβρίας
1200 1605 1220 1690 ἢ

210 1714 329 1795 ὄψιμος
349 1713 406 1778 διδ
426 1715 484 1790 τὰς
504 1715 712 1798 βραδυτῆτας
732 1717 868 1796 γίνεται.
895 1714 1016 1796 ἤγοντο
1038 1708 1075 1776 δὲ
1090 1710 1144 1777 ἐπὶ
1159 1712 1220 1778 δύο

208 1817 341 1902 ἡμέρας,
361 1819 421 1885 ούκ
441 1819 556 1904 ἐφεξῆς
574 1819 658 1885 ἀλλά
676 1818 778 1904 μέσον
792 1817 978 1904 γινομένων
996 1816 1089 1883 ἑπτά·
1106 1816 1163 1883 καὶ
1180 1828 1220 1904 τῇ

170 1946 195 1986 15
209 1922 270 2010 μέν
282 1927 396 2012 πρώτη
413 1927 603 2007 ῑεροποίουν
617 1927 780 2012 Δήμητρι,
799 1916 873 1991 οἷον
885 1934 925 2011 τῇ
941 1928 989 2011 Γῇ
1002 1933 1042 2010 τῇ
1061 1924 1220 2009 ὑποδεχο-

209 2031 291 2118 μένη
305 2035 383 2108 τοὺς
396 2033 556 2118 καρπούς·
573 2027 643 2097 εἶτα
656 2034 736 2116 μετὰ
751 2030 831 2097 ἑπτά
844 2029 967 2115 ἡμέρας
980 2033 1085 2116 Κόρη,
1099 2040 1138 2116 τη
1153 2039 1221 2096 τῶν

116 2147 197 2203 XYS
209 2149 345 2221 καρπῶν
364 2138 484 2226 έφύρφ,
508 2136 577 2204 ἐπεὶ
599 2147 667 2204 πᾶν
686 2137 814 2225 σπέρμα
833 2137 1011 2222 έβδομαῑον
1028 2137 1220 2222 προκύπτει,
1239 2223 1242 2230 Ι

209 2243 264 2310 καὶ
295 2245 336 2310 ού
366 2244 493 2331 σπέρμα
523 2247 642 2328 μόνον,
672 2245 756 2311 ἀλλὰ
785 2243 840 2310 καὶ
869 2244 1024 2330 ἐμψύχων
1051 2245 1091 2309 τά
1113 2246 1221 2328 πτηνά

209 2353 269 2416 τὸν
291 2349 469 2436 έβδομαῖον
496 2349 549 2416 ἐπὶ
577 2352 687 2438 τριάδι
713 2353 796 2417 κατά
822 2353 883 2436 τὴν
909 2349 1041 2434 γένεσιν
1063 2352 1221 2434 φυλάττει

170 2479 196 2520 ιο
210 2460 321 2541 λόγον,
345 2455 554 2543 ἐξῃρημένων
573 2469 684 2541 χηνῶν
706 2455 761 2522 καὶ
780 2457 869 2523 ὅσων
891 2458 923 2523 οἱ
945 2454 1082 2540 φυσικοὶ
1106 2472 1221 2540 σημαι-

211 2573 339 2630 οῦνται·
367 2562 420 2629 έκδ
447 2562 508 2649 μὲν
531 2566 594 2650 γάρ
617 2574 675 2650 τῆς
696 2567 808 2650 τρίτης
831 2565 963 2649 άρχεται
986 2563 1006 2647 η
1029 2564 1150 2648 καρδία
1172 2586 1221 2627 κι-

209 2678 357 2754 νεῖσθαι,
386 2669 439 2736 έπὶ
463 2668 500 2737 δὲ
521 2680 580 2756 τῆς
603 2670 744 2756 ἑβδόμης
766 2672 804 2735 τὸ
827 2671 960 2754 σύμπαν
988 2671 1220 2754 αἱματοῦσθαι,

210 2775 263 2842 ἐπὶ
286 2774 323 2842 δὲ
346 2786 403 2860 της
421 2779 768 2864 τεσσαρεςκαιδεκάτης
791 2779 1041 2863 διαρθροῦσθαι
1061 2778 1099 2841 τὸ
1118 2787 1220 2860 σῶμα,

211 2882 263 2949 ἐπὶ
286 2880 324 2949 δέ
347 2893 404 2968 τῆς
427 2885 556 2960 εἰκάδος
577 2884 708 2969 πρώτης
737 2881 945 2970 ῥηγνυμένου
971 2891 1032 2948 τοῦ
1054 2883 1221 2967 κελύφους

281 3083 336 3130 v.2
356 3073 443 3144 άδρου
457 3075 493 3144 A,
512 3073 616 3143 ἀνδρός
630 3075 715 3146 BA„
734 3073 822 3143 ύδρου
841 3075 894 3130 YS
963 3080 979 3129 5
997 3073 1220 3145 προσαγορεύου-

210 3165 263 3203 σιν.
288 3147 403 3216 reliqua
415 3163 504 3216 usque
522 3146 560 3200 ad
579 3151 611 3199 17
632 3143 750 3200 ὅτιτῶν
769 3144 876 3215 σπέρμα
891 3147 993 3200 desunt
1011 3145 1063 3200 YS
1134 3152 1148 3199 7
1168 3145 1220 3214 άμ

211 3216 330 3288 φύτερον
345 3219 372 3272 Β
446 3223 479 3271 10
497 3213 663 3286 οημαντένοιι
681 3217 719 3288 A,
727 3218 763 3286 Β,
783 3215 950 3289 σημαντέβαι
966 3217 993 3270 Α
1066 3223 1099 3270 13
1119 3215 1221 3286 ύψιμος

210 3292 265 3345 δυα
288 3290 315 3343 Α
414 3295 448 3342 14
466 3285 597 3359 γινομένη
621 3289 649 3341 Β
745 3294 776 3342 15
796 3285 1003 3359 ὑποδεχομένου
1026 3287 1066 3356 Α,
1093 3304 1161 3341 corr.
1180 3287 1218 3358 A,

212 3367 243 3415 17
263 3360 324 3415 ἐπεὶ
340 3363 411 3432 πᾶν]
432 3359 550 3414 ὅτιτῶν
569 3358 622 3413 YS
692 3364 724 3412 18
744 3360 792 3414 καὶ
810 3360 843 3414 ού
863 3356 970 3428 σπέρμα
983 3356 1070 3428 μόνον
1084 3356 1154 3412 ἀλλὰ
1173 3358 1221 3411 de-

211 3435 276 3486 sunt
299 3433 328 3486 Y
349 3435 352 3503 Ι
377 3433 425 3487 καὶ
443 3439 498 3486 τῶν
517 3429 591 3500 έμψύ
609 3450 648 3485 ων
671 3430 701 3483 Y
769 3436 802 3484 19
821 3429 893 3484 κατὰ
917 3429 1036 3484 omis‚S
1107 3435 1140 3482 20
1160 3427 1221 3501 έξη-

212 3500 337 3573 ρημένων
347 3535 381 3543 -
391 3510 569 3572 σημειούντοιι
583 3451 684 3556 ‹Sesunt
702 3501 736 3569 Y,
754 3499 825 3574 λόγῳ
843 3500 893 3570 μέν
907 3497 1114 3572 ξηραινομένων
1128 3508 1221 3570 χηνῶν

211 3577 314 3644 (χυμῶν
332 3574 418 3643 Β)Χ,
446 3571 529 3643 λόγον
557 3569 731 3643 έξηρημένων
756 3583 848 3642 χηνῶν
871 3573 893 3628 S
916 3575 920 3646 Ι
946 3571 1012 3627 ὅσον
1035 3573 1077 3640 X,
1106 3568 1178 3625 ὅσων
1201 3569 1224 3625 S

212 3651 246 3700 23
264 3641 549 3712 τεσσαρακοιιδεκάτης
567 3644 588 3698 S
658 3650 693 3698 24
711 3644 833 3712 κελύφου
852 3644 909 3699 XS
