2790 4214
236 277 281 342 44
597 277 706 332 LIBER
723 274 876 331 TERTIUS

136 449 219 505 XYS
233 450 290 524 τῆς
313 441 459 524 μονάδος
486 438 576 506 ἐστίν
603 441 708 505 εἰκών.
753 439 855 524 ταύτῃ
884 435 939 502 καί
967 440 1025 515 τοὶς
1052 448 1112 504 τοῦ
1140 440 1243 525 μηνὸς

235 543 350 631 ἕορτδις
378 544 516 624 διέταξε·
542 556 645 633 τριῶν
671 547 734 631 γὰρ
765 540 851 610 εἶναι
878 542 1065 628 λεγομένων
1091 556 1159 610 τῶν
1186 556 1244 630 τῆς

234 654 373 736 σελήνης
395 653 543 738 δρόμων,
573 649 671 730 ὀξέως
693 649 797 735 μέσου
818 649 873 716 καὶ
896 648 1086 735 ἀνειμένου,
1110 650 1155 715 δι’
1184 652 1244 729 οὓς

233 756 288 823 καί
315 760 485 844 Τριοδλτιν
507 759 576 841 τήνΙ
590 757 730 842 Ἑκάτην
749 795 791 806 -
815 755 919 823 οἱονεί
941 758 1001 841 τήν
1023 761 1177 842 Σελήνην
1200 795 1243 806 -

207 867 267 931 σοί
289 863 422 949 ποιηταί
444 870 599 949 καλοῦσι,
627 863 738 950 τρισίν
761 862 889 951 ἑορταῖς
911 865 971 929 τὸν
992 872 1080 949 μήνα
1102 862 1242 948 διέλαβε.

193 982 220 1036 Χ
233 975 416 1058 τρίμορφος
437 972 501 1058 γὰρ
524 971 544 1055 ή
568 974 715 1056 Σελήνη,
745 969 800 1037 καὶ
823 971 926 1054 ὅπως,
953 970 989 1035 ἐκ
1011 979 1071 1036 τοῦ
1094 979 1243 1056 χρησμοῦ

234 1077 414 1162 γνωστέον·
437 1076 525 1161 λέγει
548 1075 585 1143 δὲ
609 1078 727 1154 οὕτως·

300 1216 354 1302 ἥδ’
381 1217 445 1302 ἐγώ
469 1221 536 1305 είμι
557 1221 639 1306 κόρη
662 1220 921 1304 πολυφόσματος
944 1220 1184 1305 οὐρανόφοιτος

301 1323 469 1411 ταυρῷπις
491 1325 688 1412 τριαοίρηνος
710 1325 837 1410 ἀπηνής
859 1325 1121 1412 χρυσοβέλεμνος

194 1451 221 1491 ιο
304 1430 411 1516 Φοίβη
435 1431 648 1519 ἀπειροτέχνη
673 1436 915 1519 φαεσίμβροτος
938 1435 1106 1517 Ελλήθυια

300 1542 490 1625 τριστοίχου
513 1540 644 1626 φύσεως
663 1541 859 1624 συνθήματα
877 1542 995 1625 τρισσὰ
1018 1539 1175 1626 φέρουσα.

170 1690 220 1746 XS
235 1679 394 1767 ὀξυτέραν
426 1683 505 1767 γὰρ,
542 1681 586 1757 ὡς
615 1679 843 1766 Ἀριστοτέλης
879 1685 976 1766 φησί,
1008 1693 1150 1748 ποιεῖται
1186 1683 1247 1766 τήν

235 1790 374 1873 πορείαν
396 1788 480 1873 πρὸς
507 1795 552 1874 τῷ
583 1795 759 1874 χειμερινῷ
788 1796 949 1875 τροπικῷ,
978 1787 1187 1875 βραδυτέραν
1209 1785 1246 1854 δὲ

234 1895 296 1978 τήν
310 1894 394 1980 πρὸς
410 1901 456 1980 τῷ
471 1899 609 1981 θερινῷ,
631 1892 759 1977 ὁμαλήν
775 1890 812 1958 δέ
827 1895 887 1978 τήν
901 1896 985 1981 πρὸς
998 1903 1043 1982 τῷ
1059 1896 1246 1983 ἰσημερινῷ.

128 2010 221 2065 XYH
234 2001 347 2085 πρώτη
370 2002 487 2064 τοίνυν
508 2009 568 2064 τοῦ
591 2001 694 2083 μηνὸς
718 1997 814 2085 ἑορτή
833 1985 924 2066 ἐστιν
941 2000 961 2084 ή
980 1999 1139 2085 λεγομένη
1158 2003 1246 2088 παρὰ

196 2130 222 2170 ιε
236 2099 298 2190 μὲν
319 2104 489 2190 Ῥωμαίοις
516 2103 701 2189 Καλένδαι,
731 2107 819 2192 παρὰ
847 2103 884 2171 δὲ
903 2105 1039 2191 Ἕλλησι
1066 2111 1247 2192 Νεομηνία.

307 2334 331 2370 v.
347 2321 363 2369 8
382 2314 475 2382 Wolff,
495 2314 644 2386 Porphyn'i
663 2315 697 2369 de
715 2315 895 2386 philosophia
909 2332 943 2370 ex
957 2316 1077 2370 oraculis
1092 2317 1247 2372 haurienda

236 2386 535 2528 ξῷρρρορωῃσεᾘηοίεε
562 2405 589 2457 p.
610 2387 684 2441 151⁸
774 2392 807 2440 12
827 2387 861 2444 of.
880 2387 1045 2443 Aristoteles
1065 2389 1116 2508 εδ.
1137 2389 1247 2443 Bekker

306 2658 360 2706 v.1
383 2652 476 2707 είαών·
495 2653 544 2706 καὶ
562 2661 635 2721 τρεῖς
653 2650 684 2706 δὲ
702 2649 829 2723 λέγονται
843 2648 917 2708 εἶναι
930 2649 1014 2721 (εἶναι
1027 2651 1155 2724 λέγονται
1169 2654 1247 2724 FN)

237 2733 285 2794 τῆς
303 2721 418 2792 σελήνης
431 2723 458 2777 σί
473 2721 584 2791 δρόμοι·
605 2723 669 2788 ὀξὺς
683 2721 763 2792 μέσος
776 2725 824 2778 καὶ
838 2721 990 2793 ἀνειμένος,
1010 2723 1048 2780 δι’
1068 2725 1116 2788 οὓς
1130 2729 1184 2780 κτλ.
1204 2726 1245 2798 Y}

236 2795 322 2868 ταότη
336 2801 401 2846 —2
422 2791 529 2858 διέταξε
548 2793 668 2849 omis.S
771 2796 856 2849 4ιιαί
880 2795 1000 2850 omis.S
1027 2797 1030 2870 ή
1060 2795 1201 2867 τριοδίτην
1220 2797 1248 2850 Β

238 2872 253 2920 5
272 2865 393 2933 ποταμοί
412 2865 441 2933 0,
460 2865 563 2922 lacuna
581 2880 629 2918 sex
646 2864 806 2919 litterarum
824 2866 862 2934 N,
880 2867 995 2934 ποιηταί
1012 2866 1072 2922 rell.
1093 2868 1097 2940 1
1121 2869 1247 2939 καλοῦσι]

237 2936 307 3006 φασί
325 2938 353 2990 Β
374 2938 378 3006 fl
398 2939 524 2991 καλοῦσι·
547 2932 699 3005 τρίμορφος
722 2935 783 3007 γὰρ.
811 2939 904 3006 πρώτη
927 2935 1024 2993 τοίνυν
1047 2937 1127 3008 ἑορτὴ
1148 2939 1179 2994 αί
1198 2961 1249 2994 κα-

237 3006 338 3063 λάνδαι
357 3009 411 3077 (16)
433 3006 479 3079 ΥΙ
495 3003 625 3077 διέλαβον
641 3007 669 3076 S,
689 3009 741 3062 cet.
761 3008 818 3062 des,
882 3013 898 3062 6
917 3006 1012 3077 τρίμος
1028 3011 1060 3062 Χ
1121 3017 1137 3064 8
1156 3008 1206 3079 ήδε
1220 3012 1248 3065 Α

238 3086 253 3134 9
272 3078 419 3146 ταυρώπης
432 3077 464 3131 Χ
531 3083 564 3131 10
583 3076 665 3203 βοίῷη
679 3079 714 3147 A,
735 3096 803 3134 corr.
818 3079 856 3150 A,
922 3085 953 3133 11
973 3078 1112 3150 τριστέγου
1126 3081 1153 3134 Β
1170 3083 1174 3151 ί
1189 3083 1250 3150 τρίς

238 3150 398 3219 ἀφαιροῦσα
415 3148 451 3217 Β,
469 3147 565 3216 τρισσὰ
585 3169 626 3217 φα
638 3167 725 3217 ρουσα
743 3151 771 3204 A
844 3156 876 3204 12
896 3147 938 3204 ότι
957 3149 972 3205 δ
993 3149 1167 3221 ἀριστοτέλης
1184 3154 1249 3220 περὶ

237 3229 285 3290 τῆς
304 3217 418 3289 σελήνης
436 3217 535 3289 φησίν,
559 3219 595 3281 ὡς
614 3218 747 3289 ὀξυτέραν
765 3219 815 3290 μὲν
836 3230 956 3275 ποιεῖται
974 3222 1026 3292 τήν
1043 3220 1160 3290 πορείαν
1179 3223 1250 3292 πρὸς

237 3294 293 3345 ατλ.
312 3290 406 3360 δήὼς
424 3290 438 3344 δ
457 3288 632 3361 ἀριστοτέλης
648 3292 677 3345 A
750 3297 783 3345 14
802 3297 938 3364 σημερινῷ
955 3293 984 3346 A
1056 3299 1089 3346 15
1108 3291 1194 3363 μόνος
1210 3296 1247 3364 A,

237 3359 324 3431 μηνός
337 3362 376 3434 Α,
395 3365 398 3433 Ι
414 3361 431 3431 ή
451 3363 544 3430 πρώτη
561 3371 612 3416 τοῦ
631 3362 718 3431 μηνὸς
735 3361 874 3418 ααλοίνδαι
888 3363 964 3432 παρὰ
979 3359 1112 3432 βωμαίοις
1125 3370 1249 3420 καλεῖται

238 3432 266 3498 ἐξ
281 3431 423 3502 ἑλληνιαῆς
436 3464 470 3473 -
484 3452 511 3502 p.
526 3437 569 3501 45,
582 3439 595 3486 7
616 3443 712 3489 νωνῶν
726 3432 825 3502 ἑορτήν
839 3434 874 3487 Η
888 3433 907 3488 f.
924 3440 1004 3503 1671,
1023 3434 1179 3510 ἰσημερινῷ.
1207 3435 1249 3491 ὅτι

237 3503 314 3572 παρὰ
333 3501 382 3572 μὲν
401 3502 491 3574 ἕλλησι
509 3502 648 3574 νουμηνία
665 3505 683 3574 ή
702 3506 796 3574 πρώτη
814 3513 864 3559 τοῦ
883 3505 969 3574 μηνδς
987 3502 1102 3576 λέγεται,
1121 3506 1198 3576 παρὰ
1217 3505 1248 3561 δὲ

233 3572 379 3642 Ῥωμαίοις
397 3574 535 3631 ααλοίνδαι
554 3575 582 3641 ἐξ
604 3575 746 3645 ἑλληνιαής
760 3607 793 3616 -
807 3594 834 3647 p.
849 3581 922 3645 46,1
943 3575 1091 3645 ἐσήμαινεν
1109 3578 1131 3632 S
1154 3579 1158 3650 ή
1183 3598 1249 3633 νου-

238 3642 324 3715 μηνία
343 3644 399 3698 ἀπὸ
418 3654 468 3699 τοῦ
487 3649 581 3702 καλεῖν
600 3651 635 3717 (p.
650 3652 693 3716 45,
708 3651 735 3715 3)
759 3648 788 3701 Y
1250 3693 1253 3704 .
