2790 4214
227 290 269 354 28
611 288 719 343 LIBER
737 287 857 341 ALTER

174 451 361 535 Υὸοὐσίαν,
385 453 429 528 ὥς
450 469 554 536 φησιν
578 450 595 516 ὁ
617 452 838 536 Παρμενίδης.
879 451 1071 536 πάνταγὰρ
1095 451 1135 515 τά
1158 473 1235 532 νοη-

187 568 212 619 Υ
225 560 265 622 τά
289 556 326 622 ἐν
348 567 387 644 τῇ
410 559 520 643 τριάδι
545 555 743 643 περιέχεται,
769 554 824 622 καὶ
847 566 910 634 πᾶς
933 557 951 622 ὁ
974 564 1068 632 θείος
1091 556 1236 642 ἀριθμὸς

227 662 263 727 έν
285 673 324 749 τη
348 663 437 743 τάξει
459 665 561 750 ταύτῃ
584 667 825 749 προελήλυθεν,
849 664 893 739 ὡς
915 661 970 728 καὶ
993 663 1092 741 αὐτὸς
1110 663 1128 728 ὁ
1148 667 1235 728 Χαλ-

227 771 320 846 δαίος
343 769 380 835 ἐν
401 780 472 846 τοίς
495 773 633 852 λογίοις·

199 933 212 970 ε
270 911 369 995 τῆσδε
392 914 455 997 γάρ
479 911 516 976 έν
538 912 674 997 τριάδος
696 915 831 988 κόλποις
854 914 1012 997 ἔσπαρται
1035 913 1172 993 ἀπαντα,

226 1051 281 1118 καὶ
304 1055 417 1119 πάλιν·

271 1197 371 1279 τῆσδε
393 1198 456 1281 γάρ
476 1195 511 1260 ἐκ
529 1196 664 1281 τριάδος
682 1205 750 1261 πᾶν
767 1204 898 1280 πνεῦμα
919 1195 1026 1280 πατὴρ
1051 1192 1213 1279 ἐπέρασσε.

227 1339 284 1402 διά
315 1333 377 1422 μὲν
407 1346 505 1402 τοῦτο
540 1338 571 1402 ολ
600 1339 832 1423 Πυθαγόρειοι
858 1338 978 1422 τριάδα
1004 1333 1065 1421 μὲν
1098 1336 1134 1401 έν
1166 1335 1237 1421 ἀρι-

227 1451 338 1528 θμοῖς,
361 1443 399 1509 ἐν
422 1439 459 1508 δὲ
482 1446 624 1529 σχήμασι
646 1444 683 1508 τὸ
707 1443 919 1528 ὀρθογώνιον
936 1446 1101 1528 τρίγωνον
1123 1443 1236 1507 ὑποτί-

188 1574 214 1611 ιο
227 1558 344 1616 θενται
368 1561 531 1635 στοιχεῖον
553 1560 611 1635 τῆς
633 1562 701 1615 τῶν
723 1550 811 1614 ὅλων
833 1548 999 1632 γενέσεως.
1036 1550 1073 1614 ἓν
1095 1545 1156 1634 μὲν
1175 1543 1238 1614 οὗν

227 1654 348 1742 μέτρον
372 1655 455 1739 ἐστί,
482 1653 559 1721 καθ’
583 1655 600 1721 ὃ
626 1656 765 1740 συνέστη
794 1655 812 1722 ὁ
840 1655 1011 1740 ἀσώματος
1036 1653 1092 1720 καὶ
1120 1655 1237 1738 νοητὸς

227 1765 360 1846 κόσμος·
384 1763 542 1847 δεύτερον
565 1759 602 1827 δὲ
625 1761 756 1847 μέτρον,
779 1761 856 1827 καθ’
879 1761 897 1827 δ
920 1762 1023 1845 ε’πάγη
1042 1761 1060 1828 ὁ
1080 1763 1238 1844 αίσθητὸς

228 1869 380 1955 οὐρανός,
406 1868 557 1953 πέμπτην
580 1870 691 1952 λαχὼν
712 1867 767 1934 καὶ
790 1868 966 1955 θειοτέραν
989 1869 1118 1952 οὐσίαν,
1146 1869 1238 1952 ἀτρε-

227 1997 311 2041 πτον
333 1973 388 2041 καὶ
411 1975 628 2060 ἀμετάβολον·
652 1979 766 2061 τρίτον
788 1972 825 2041 δὲ
848 1974 924 2040 καθ’
948 1975 966 2040 δ
988 1975 1237 2061 έδημιουργηθη

188 2102 213 2142 1⁵
227 2084 267 2147 τά
289 2082 355 2147 ὑπὸ
380 2085 536 2166 σελήνην,
565 2082 600 2148 ἐκ
628 2093 695 2147 τῶν
717 2083 886 2168 τεσσάρων
909 2082 1084 2166 δυνάμεων
1106 2080 1238 2164 γένεσιν

227 2186 282 2252 καὶ
305 2189 442 2273 φθοράν
465 2187 687 2272 έπιδεχόμενα.

175 2304 231 2356 XY
304 2295 335 2360 9.
362 2296 430 2378 Τὴν
448 2291 486 2360 δὲ
503 2297 662 2381 τετάρτην
684 2293 811 2380 ἡμέραν
828 2297 1019 2378 Στίλβοντι,
1043 2293 1093 2360 ἑνὶ
1111 2305 1293 2373 τῶνΙειΙΙβ

227 2405 404 2486 πλανήτων
421 2399 490 2466 κατ’
508 2404 714 2486 Αἰγυπτίους
731 2401 817 2468 οὕτω
839 2401 1043 2489 καλουμένῳ,
1066 2400 1237 2484 ἀνέθεντο,

230 2507 266 2585 ὃς
286 2507 318 2586 ἐξ
333 2514 409 2574 ίσου
423 2505 502 2574 ποτε
520 2505 582 2594 μὲν
599 2510 752 2594 ὑγραίνει
765 2504 845 2574 ποτὲ
863 2505 900 2573 δὲ
919 2507 1076 2593 ξηραίνει,
1094 2530 1238 2592 πνευμα-

189 2635 214 2673 νο
228 2615 388 2699 τοάμενος
409 2616 474 2680 ὑπὸ
498 2624 555 2699 τῆς
577 2612 653 2700 περὶ
675 2615 735 2679 τὸν
757 2615 854 2697 ἥλιον
874 2612 1097 2698 ὀξυκινησίας·
1116 2614 1238 2700 Ἑρμοῦ

135 2733 215 2787 XYS
230 2719 267 2787 δὲ
289 2731 409 2786 τοῦτον
419 2720 577 2805 Ἕλληνες
600 2717 685 2786 εἶναι
704 2721 892 2804 βούλονται.
932 2721 1021 2808 αὐτῷ
1044 2725 1160 2786 τοίνυν
1178 2722 1240 2804 την

228 2827 368 2913 τετράδα
400 2828 433 2892 οἱ
462 2832 728 2911 φιλοσοφοῦντες
759 2824 920 2892 ἀνέθεντο
952 2828 997 2905 ὡς
1028 2827 1139 2916 έφόρῳ
1171 2839 1238 2892 τῶν

299 3020 325 3056 v.
343 3008 356 3055 1
377 3001 411 3055 cf.
425 3001 498 3056 Plat.
513 3001 640 3055 Parmen.
654 3020 680 3070 p.
697 3007 747 3055 145
820 3006 844 3056 5.
862 3007 876 3054 1
896 3001 975 3055 Kroll
990 3001 1035 3056 Or.
1051 3001 1148 3056 Chald.
1162 3019 1189 3070 p.
1206 3007 1239 3055 18

299 3181 325 3215 v.
346 3169 360 3215 1
380 3178 449 3231 φησι
470 3159 485 3216 ὁ
504 3161 534 3214 D
623 3167 639 3214 λ
658 3160 833 3232 περιέχονται
856 3164 908 3215 cet.
928 3162 985 3215 des.
1008 3161 1031 3215 S
1053 3164 1057 3232 Ι
1082 3159 1195 3216 ὁοιοίε.
1210 3161 1240 3215 D

229 3240 245 3287 ὅ
264 3231 377 3296 κόλποις
390 3231 539 3302 ἐπάργεται
557 3232 610 3287 Sch
628 3231 772 3286 codicibus
794 3232 932 3299 vindicat,
955 3232 1005 3301 qui
1026 3235 1123 3286 tamen
1145 3248 1241 3286 omnes

229 3305 362 3374 ἔσπαρται
380 3304 602 3374 (ODEFGM)
621 3302 763 3358 exhibent.
823 3310 837 3357 7
853 3301 982 3373 ἐπέρασεν
997 3304 1039 3371 Μ,
1054 3302 1166 3372 ἐκέρασε
1179 3303 1240 3357 rell.

230 3381 263 3429 10
283 3375 423 3446 γενέσεως]
442 3373 573 3446 γίνεσθαι
591 3375 621 3428 D
676 3380 707 3428 11
727 3373 841 3444 συνέστη
861 3374 1005 3444 ἀσώματος
1017 3376 1047 3429 D
1102 3381 1134 3428 12
1150 3373 1241 3445 ἐπάγη

229 3445 364 3516 αἰσθητός
382 3449 412 3502 D
484 3452 517 3500 13
537 3446 669 3571 ohpoevbe}
690 3455 758 3509 νοῦς
776 3447 810 3500 Μ
884 3452 916 3499 17
935 3447 986 3515 τὴν
1004 3449 1043 3517 (τε
1061 3446 1126 3500 add.
1141 3447 1179 3516 A)
1197 3463 1241 3499 τε-

229 3518 332 3587 τάρτην
350 3517 456 3588 ἡμέραν
474 3522 511 3572 τῶ
530 3516 598 3589 ἑρμῇ
617 3516 653 3574 ἀν
668 3521 753 3572 θεντο
774 3515 804 3580 ὃς
826 3517 854 3582 ἐξ
878 3517 939 3572 ίσου
963 3517 1016 3572 ino.
1036 3519 1068 3571 X
1157 3523 1189 3570 19
1209 3515 1241 3570 δὲ

230 3589 306 3645 omis.
327 3590 354 3642 A
439 3594 473 3642 20
489 3572 593 3657 Ἕρμου
608 3621 641 3630 -
657 3594 689 3642 21
705 3589 857 3678 βούλονται
876 3588 954 3643 omis,
974 3589 1005 3642 X
1089 3594 1122 3641 21
1143 3586 1185 3642 ὅτι
1203 3592 1241 3659 τῷ

231 3662 297 3730 ἑρμῇ
315 3659 366 3728 τὴν
385 3658 503 3728 τετράδα
518 3691 551 3700 -
565 3678 592 3728 p.
609 3666 679 3729 29,4
698 3660 819 3729 αρχάτας
837 3658 868 3713 δὲ
887 3660 989 3714 ιιίιιλον
1009 3659 1098 3726 αὐτήν
1116 3676 1203 3728 φησιν
1221 3658 1243 3713 S
