2760 4234
253 295 314 358 158
481 292 590 346 LIBER
608 291 784 357 QUARTUS.
814 291 1029 347 SEPTEMBER

181 454 285 522 xs6z
308 465 354 544 τςό
377 456 571 543 ἀπαρκτίᾳ
597 454 747 541 βορέας.
791 467 859 521 τῶν
882 453 918 521 ἀὲ
948 456 991 540 μῆ
1022 455 1086 521 ἀπὸ
1116 457 1264 541 μεγάλης

249 563 350 649 ἀρχῆς
377 562 395 629 6
423 559 484 647 μὲν
511 561 564 627 ἀπ’
589 563 702 647 ὀλίγης
730 571 837 647 φοράς
863 561 987 647 νέφους
1015 561 1212 647 ἐκνεφίας,
1240 563 1262 628 ὁ

249 667 286 735 ἀέ
309 669 373 735 ἀπὸ
395 672 529 735 κόλπων
551 679 654 734 τινῶν
675 667 730 733 καὶ
754 670 949 754 ὃιασφαγῶν
969 673 1147 753 κολπίας,
1176 669 1194 735 6
1222 667 1263 737 ἀὲ

248 775 312 842 ἀπὸ
335 785 396 859 γῆς
421 774 476 840 καί
505 785 694 861 συστροφῆς
721 773 817 860 ἀέρος
844 778 1021 860 γνοφίας.
1067 771 1166 862 αὖραι
1193 778 1262 862 γάρ

222 877 346 948 εαῦται
372 881 427 947 καλ
451 883 562 968 ῥύσεις
589 881 697 968 ἀέρων
723 883 947 966 τυγχάνουσιν
975 877 1086 966 οὖσαι,
1114 881 1169 947 καὶ
1197 882 1263 947 οὐκ

248 988 375 1071 ἀλόγως
398 990 513 1074 ἀνεμοι
535 993 730 1071 καλοῦνται,
758 988 812 1053 ότε
835 987 855 1072 ῆ
879 988 943 1054 ἀπὸ
966 994 1094 1072 λιμνῶν
1116 991 1137 1072 ῆ
1160 1010 1262 1054 ποτα-

247 1106 319 1178 μῶν
338 1093 510 1181 φέρονται·
533 1095 642 1179 ὅμοιοι
662 1091 698 1159 ἀέ
717 1095 845 1159 τούτων
859 1092 923 1160 εἰσὶ
936 1092 991 1159 καὶ
1011 1095 1043 1160 οἱ
1061 1093 1263 1179 ἀπόγειοι,

248 1201 331 1266 ὅθεν
353 1200 498 1283 εὐλόγως
525 1200 621 1288 ἀέρος
647 1201 849 1287 ἠρεμοῦντος
875 1201 913 1265 τὸ
941 1202 1129 1286 κατάστημα
1151 1207 1264 1266 καλεί-

247 1332 300 1372 ται
323 1311 495 1392 νηνεμία.

151 1423 231 1478 xfls
315 1413 386 1478 120.
405 1415 499 1478 Κατά
513 1411 550 1479 δὲ
563 1414 623 1479 τὸν
631 1415 829 1496 Αὔγουστον
841 1424 929 1499 μῆνα
943 1415 1089 1499 μαλάχης
1102 1412 1178 1479 ἀπέ-
1188 1424 1315 1484 RrIVw

208 1548 232 1586 11
247 1527 365 1605 χεσθαι
396 1530 465 1596 τοῖς
496 1543 534 1604 γε
565 1519 782 1605 βουλομένοις
810 1513 978 1603 ὑγιαίνειν
1006 1523 1047 1585 τά
1077 1522 1188 1606 ἀρθρα
1220 1523 1262 1586 τὸ

247 1629 363 1711 λόγιον
384 1629 540 1705 θεσπίζει.

206 1801 232 1854 Χ
633 1797 870 1874 Σεπτέμβριος.

315 1930 387 1994 121.
415 1926 541 2012 Ἀληθῆ
569 1930 671 2011 λόγον
699 1926 867 2013 ἐλέγομεν,
897 1929 941 2005 ὡς
969 1928 1074 2015 ἀρχὴν
1102 1929 1262 1994 ἐνιαυτοῦ
1282 1948 1314 1996 78

207 2059 232 2100 π
247 2037 306 2100 τὸν
319 2036 475 2121 Μάρτιον
492 2043 579 2119 μῆνα
602 2037 737 2100 ἔταττον
760 2036 792 2101 ολ
810 2033 970 2119 Ῥωμαῖοι,
994 2036 1038 2112 ὡς
1059 2035 1095 2100 ἔκ
1117 2045 1174 2119 τῆς
1197 2045 1259 2101 τοῦ

139 2144 423 2228 ΧΥΗὸπαρόντος
450 2140 530 2225 ῆμῑν
557 2144 660 2226 μῆνός
688 2141 757 2206 έστι
785 2144 900 2225 λαβεῖν
927 2145 1163 2228 προσηγορίας·
1194 2146 1258 2207 Σε-

248 2246 429 2334 πτέμβριον
446 2249 509 2332 γάρ
529 2247 631 2313 αὐτὸν
651 2247 837 2332 ὠνόμασαν,
859 2239 932 2314 οἷον
951 2245 1094 2332 ἕβδομον
1113 2248 1176 2313 ἀπὸ
1196 2258 1257 2314 τοῦ

246 2349 326 2440 ῆρος
341 2392 382 2400 -
393 2351 513 2439 σε’πτεμ
531 2355 594 2440 γάρ
613 2355 653 2419 τά
672 2352 752 2420 έπτά
769 2353 824 2419 καί
843 2350 901 2441 βέρ
921 2355 957 2419 τὸ
977 2357 1035 2441 ἔαρ
1050 2393 1092 2401 -
1107 2352 1258 2420 τουτέστι

183 2470 233 2526 XS
247 2470 307 2526 τοῦ
331 2464 487 2546 Μαρτίου
509 2463 627 2545 μηνός,
655 2457 696 2526 οὗ
718 2463 799 2527 κατά
822 2462 883 2544 τῆν
909 2463 1067 2548 τετάρτην
1093 2458 1148 2526 καὶ
1172 2461 1259 2526 εἰκο-

205 2593 232 2632 ιο
246 2566 327 2648 στῆν
345 2566 363 2632 6
382 2567 474 2648 ῆλιος
489 2565 569 2650 <έν>
588 2575 670 2654 κριῷ
689 2569 865 2651 γενόμενος
883 2575 943 2632 τοῦ
966 2562 1045 2653 ῆρος
1064 2568 1181 2632 ἀίάωσι
1195 2567 1259 2649 τῆν

315 2757 338 2793 v.
355 2745 368 2791 1
388 2748 444 2794 τῶν
458 2738 490 2793 ἀέ
504 2739 540 2808 μὴ
556 2772 589 2780 -
605 2747 620 2794 9
635 2738 752 2810 νηνεμία
769 2740 808 2810 Sl
825 2739 861 2810 μὴ
881 2740 1002 2794 omis.X
1059 2743 1258 2811 Βάιασφαγῶν

244 2809 305 2878 AS,
325 2808 373 2863 διά
392 2808 545 2880 φαράγγων
563 2811 637 2882 Α,Β
708 2809 888 2880 4φαέροςΑ
960 2813 1079 2866 ὃαόταλ
1093 2813 1142 2882 ΧΙ
1159 2811 1259 2881 φόσεις

244 2882 276 2935 Χ
298 2876 409 3006 hohen
428 2881 505 2936 omis,
526 2881 548 2935 S
622 2887 638 2936 6
658 2879 767 2938 &ars
841 2889 855 2936 7
876 2879 1056 2952 φέρωνταιδ
1080 2884 1083 2955 λ
1108 2881 1260 2952 τοάτοιςδ

246 2959 278 3008 10
313 2972 340 3006 τι
358 2950 430 3006 κατὰ
454 2952 504 3008 τὸν
518 2959 600 3006 -12
619 2953 744 3020 θεσπίζει
765 2953 796 3008 τὸ
819 2951 914 3025 λόγιον
932 2954 965 3022 S,
988 2953 1059 3008 κατὰ
1082 2962 1182 3009 τοῦτον
1204 2954 1258 3009 τόν

245 3032 318 3094 μῆνα
332 3024 380 3078 κοιλ
399 3022 571 3094 μαλάχης-
587 3030 618 3078 11
639 3024 733 3094 ἀρθρα
751 3023 876 3090 θεσπίζει
893 3025 928 3079 τά
945 3023 1039 3097 λόγια,
1062 3025 1099 3088 ὥς
1117 3042 1204 3094 φασιν
1222 3025 1263 3080 H

243 3095 345 3151 ί,167’1
407 3100 438 3148 11
459 3097 501 3168 γε]
519 3096 590 3164 τεθ,
610 3095 731 3150 omis.B
792 3101 823 3149 16
844 3095 873 3150 ἔκ
891 3115 920 3151 τε
938 3105 988 3152 τοῦ
1002 3098 1038 3166 A,
1056 3096 1086 3150 ἔκ
1103 3104 1153 3150 τοῦ
1167 3097 1204 3163 Β,
1224 3095 1257 3150 ἔκ

243 3175 291 3236 τῆς
308 3175 358 3221 τοῦ
371 3165 483 3220 Bekker
537 3172 570 3220 16
585 3164 763 3291 σεκτέμμριος
781 3165 812 3220 δὲ
827 3165 944 3238 ἕβδομος
957 3167 1013 3222 ἀπὸ
1027 3176 1077 3222 τοῦ
1090 3160 1169 3236 ἦρος·
1189 3164 1257 3221 σέπ-

242 3257 292 3307 τεμ
310 3237 363 3308 γὰρ
381 3236 416 3291 τὰ
431 3236 500 3292 ἑπτὰ
513 3238 561 3292 καὶ
575 3235 623 3309 βέρ
636 3238 668 3292 τὸ
696 3256 743 3307 αρ’
764 3237 914 3310 όκτώβριος
932 3238 1031 3310 όγὸοος
1044 3238 1101 3292 ἀπὸ
1114 3246 1164 3292 τοῦ
1177 3231 1257 3307 ἦρος,

243 3310 291 3364 καὶ
310 3307 455 3380 νοέμβριος
472 3310 520 3364 κοιλ
538 3306 699 3379 ὃεκέμβριος
719 3306 820 3378 ὁμοίως
842 3312 879 3379 (p.
895 3315 955 3379 159,
969 3313 997 3434 43
1016 3310 1049 3378 Υ,
1072 3309 1121 3364 τὸν
1140 3306 1256 3378 σεπτέμ-

243 3383 324 3506 ρριον
346 3388 421 3450 μῆνα
444 3377 515 3434 οὕτω
538 3376 656 3450 ῥωμαῑοι
679 3377 841 3449 ὠνόμασαν,
869 3381 955 3436 οἱονεί
994 3382 1100 3451 βάομον
1123 3380 1180 3434 ἀπὸ
1203 3389 1257 3436 τοῦ

257 3471 332 3520 αρος,
346 3449 469 3506 τουτέστι
481 3459 531 3506 τοῦ
545 3448 662 3520 μαρτίου
677 3449 763 3520 μηνός
771 3452 811 3521 H,
825 3452 874 3506 τὸν
889 3450 1069 3522 σεπτέμβριον
1083 3449 1170 3514 οὕτως
1182 3449 1256 3506 ἀνό·

243 3540 334 3590 μασαν
348 3553 382 3563 -
396 3541 422 3592 p.
440 3528 499 3592 159,
515 3528 529 3575 1
549 3521 718 3593 ἐνάρχεσθαι
731 3523 754 3578 S
824 3528 857 3577 18
877 3520 975 3592 σέπτεμ
989 3555 1023 3563 -
1038 3521 1087 3591 ἔαρ
1104 3521 1182 3577 omis,
1197 3523 1229 3576 Χ
1234 3523 1259 3578 S

244 3599 276 3647 19
299 3593 371 3648 κατὰ
397 3593 449 3663 τὴν
477 3592 579 3664 ἐνάτην
610 3595 658 3648 καί
691 3592 811 3664 δεκάτην
838 3594 854 3649 6
885 3593 961 3663 ἥλιος
988 3594 1032 3664 Sl
1053 3591 1197 3664 γινόμενος
1227 3594 1257 3651 G

243 3669 276 3718 20
296 3663 369 3736 <ἐν>
388 3662 493 3734 addidi,
514 3664 547 3719 cf.
568 3665 602 3720 de
621 3668 672 3720 ost.
691 3667 823 3735 112981Ι
1209 3708 1213 3712 .
