2788 4222
224 301 288 357 XVI
628 300 833 356 PRAEFATIO

226 473 280 530 aut
292 470 324 527 in
342 469 441 544 ipsum
459 469 615 529 verborum
635 471 804 528 contextum
822 469 983 545 reciperem
1002 466 1042 545 (p.
1060 472 1151 543 64,6,
1167 473 1239 545 129,

228 561 278 618 16.
295 561 367 632 163,
376 554 409 635 3)
426 559 524 616 autin
538 561 716 634 apparatum
731 558 855 617 editioni
869 559 1062 618 subornatum
1075 560 1239 636 relegerem

226 643 267 725 (p.
289 649 423 720 107,st
450 648 522 720 116,
533 649 584 706 20.
609 643 757 724 120‚14),
781 650 834 704 aut
857 647 997 722 denique,
1025 647 1076 704 ubi
1099 648 1238 707 editionis

228 739 258 794 et
280 736 389 794 codicis
411 735 540 794 Parisini
564 754 722 795 consensus
741 735 907 795 levissimus
925 738 1043 794 tantum
1062 739 1147 810 esset,
1169 738 1238 795 huic

225 825 421 902 praefationis
451 825 516 884 loco
546 843 741 898 reservarem,
773 825 845 899 quia
873 823 1003 883 breviter
1032 843 1081 884 eos
1113 843 1238 883 comme-

224 932 355 973 morasse
379 913 453 972 satis
475 913 615 971 haberem
639 905 680 991 (p.
707 913 818 986 114,6.
844 914 916 986 150,
926 909 968 989 4).

291 1003 396 1078 Neque
425 1021 496 1061 vero
525 1001 762 1077 disquisitionem
790 1000 825 1057 de
853 1001 951 1060 codice
975 1001 1001 1059 R
1023 1000 1237 1060 instituendam

226 1093 264 1151 ad
290 1091 380 1149 finem
406 1091 610 1166 perduximus,
636 1089 726 1147 immo
755 1089 891 1165 quintum
918 1090 993 1148 illud
1026 1092 1120 1148 restat
1147 1093 1237 1164 caput

225 1174 268 1262 (p.
293 1181 345 1254 38,
357 1182 496 1253 22-47,
508 1171 564 1258 33)
584 1179 706 1253 eiusque
724 1179 905 1255 paragraphi
924 1178 1030 1253 quibus
1052 1178 1236 1237 inscribitur:

227 1273 243 1329 1
269 1268 335 1349 περὶ
358 1268 561 1347 βροομοιλίων,
588 1269 605 1324 2
630 1265 695 1345 περὶ
718 1265 865 1345 βισέξτον,
895 1269 912 1326 3
936 1264 1003 1348 περὶ
1024 1264 1163 1347 γενέσεως
1186 1265 1236 1326 oiv-

227 1358 365 1439 θρώπον,
388 1360 409 1415 4
432 1354 498 1435 περὶ
520 1354 681 1433 ποσότητος
702 1364 761 1416 τῶν
783 1353 972 1434 τικτομένων,
998 1357 1016 1414 5
1040 1353 1106 1436 περὶ
1122 1351 1236 1436 Ἴστρον

224 1457 277 1510 τοῦ
299 1455 448 1524 ποταμοῦ,
473 1449 490 1505 6
515 1441 582 1525 περὶ
603 1442 762 1525 πιπέρεως,
792 1448 809 1503 7
833 1443 899 1524 περὶ
922 1441 1007 1522 ἡλίου
1029 1443 1079 1503 καὶ
1102 1443 1236 1521 σελήνης,

226 1539 245 1596 8
269 1533 336 1616 περὶ
362 1542 503 1612 σεισμῶν,
538 1538 555 1594 9
580 1532 646 1614 περὶ
668 1542 818 1611 σκηπτῶν,
853 1533 894 1594 10
916 1531 983 1613 περὶ
1008 1532 1169 1612 πνρόεντος
1191 1555 1235 1592 τιε-

224 1632 346 1706 peccori.
401 1642 527 1699 quarum
562 1624 817 1700 paragraphorum
854 1625 990 1682 octavam
1027 1625 1056 1681 et
1092 1623 1237 1681 decimam

226 1715 329 1774 statim
355 1713 465 1770 referre
492 1730 648 1787 possumus
676 1712 714 1769 ad
737 1703 892 1770 Laurentii
919 1712 1028 1769 librum
1052 1712 1087 1770 de
1111 1711 1236 1770 ostentis

225 1799 275 1880 (of.
298 1801 517 1859 Wachsmuthii
540 1801 701 1860 editionem
723 1800 849 1859 alteram
871 1820 899 1875 p.
922 1799 1012 1874 XLII,
1035 1819 1097 1876 cap.
1119 1802 1168 1860 53.
1194 1801 1235 1859 54

225 1893 256 1950 et
281 1893 333 1948 44.
357 1885 427 1966 45),
460 1890 533 1965 quin
560 1889 651 1947 etiam
678 1907 757 1948 nona
785 1907 904 1963 quoque
931 1890 1136 1964 paragraphus
1165 1909 1236 1964 quo-

225 1980 306 2038 niam
330 1978 368 2036 ad
390 1978 513 2039 verbum
535 1978 597 2036 fere
623 1977 770 2036 consentit
798 1996 864 2034 cum
891 1997 925 2036 eo
948 1977 1129 2054 fragmento,
1157 1978 1236 2053 quod

223 2069 256 2126 in
285 2067 435 2143 prioribus
468 2067 646 2126 editionibus
677 2066 746 2124 libri
777 2062 844 2144 περὶ
875 2073 978 2143 μηνῶν
1009 2064 1055 2123 bis
1086 2067 1235 2142 imprime-

225 2157 317 2216 batur
338 2157 398 2230 ΠΙ,
418 2157 458 2214 52
484 2158 513 2214 et
536 2156 588 2229 IV,
604 2158 643 2215 96
671 2147 746 2236 (qua
769 2155 805 2212 de
828 2173 859 2212 re
889 2155 950 2212 dixi
978 2154 1049 2231 Byr.
1080 2155 1176 2213 Ztsch.
1199 2155 1236 2228 V,

225 2267 255 2322 p,
278 2238 358 2327 412)
379 2245 481 2304 eodem
503 2244 645 2320 pertinet3
670 2244 720 2302 sed
743 2263 792 2316 eo,
817 2243 896 2318 quod
916 2244 993 2302 hanc
1015 2243 1236 2320 paragraphum

225 2336 304 2394 inter
325 2335 493 2411 fragmenta
517 2332 666 2408 quondam
688 2333 764 2391 libro
783 2333 818 2390 de
836 2333 985 2390 mensibus
1003 2332 1116 2390 tributa
1129 2332 1236 2408 recepi,

224 2425 339 2484 factum
366 2426 424 2498 est,
456 2423 491 2480 ut
517 2422 544 2480 R
572 2421 679 2480 codicis
707 2424 779 2482 nota
806 2424 952 2496 appareat
981 2421 1072 2480 etiam
1100 2422 1131 2478 in
1158 2441 1234 2479 mar·
1295 2419 1299 2424 ’

225 2513 294 2590 gine
316 2532 344 2587 p.
367 2513 439 2584 181,
456 2514 486 2590 Ι6.

291 2601 488 2676 Reliquorum
522 2618 591 2658 vero
629 2601 832 2673 excerptorum
868 2598 929 2655 fere
966 2597 1097 2654 omnium
1132 2599 1236 2655 tenore

225 2689 327 2749 statim
352 2689 584 2762 demonstratur,
606 2687 762 2745 librarium
786 2705 820 2744 ea
842 2688 1011 2744 mutuatum
1034 2702 1097 2742 esse
1121 2703 1136 2742 e
1159 2683 1235 2744 libro

226 2779 261 2836 de
291 2777 449 2836 mensibus.
503 2776 649 2852 exscripta
678 2775 757 2834 enim
787 2777 833 2833 est
862 2773 881 2848 ξ
906 2777 924 2832 2
948 2770 1014 2852 περὶ
1041 2768 1172 2850 βισέξτον
1201 2793 1236 2830 ex

227 2866 364 2926 editionis
387 2865 458 2924 libri
479 2865 526 2922 III
549 2863 567 2940 ξ
594 2868 647 2940 10,
673 2865 719 2923 ita
740 2865 776 2922 ut
798 2863 825 2920 R
848 2864 888 2922 sit
910 2863 989 2921 inter
1012 2860 1134 2936 codices,
1161 2881 1235 2937 quos

225 2977 253 3032 p.
278 2958 336 3028 49,
355 2957 395 3014 21
427 2974 495 3030 app.
524 2953 662 3013 indicavi.
713 2951 732 3028 ξ
762 2954 780 3010 3
807 2950 873 3032 περὶ
902 2949 1041 3032 γενέσεως
1070 2947 1234 3030 ἀνθρώπου

226 3048 271 3106 est
292 3044 410 3118 ivae:
433 3044 489 3102 hoc
511 3042 576 3102 loco
594 3041 672 3118 Lydi
693 3041 784 3102 verba
806 3059 900 3117 usque
924 3060 958 3100 eo
980 3040 1098 3117 integra
1117 3043 1234 3099 servata

225 3134 299 3192 mihi
321 3132 513 3205 videbantur,
542 3134 576 3189 ut
599 3131 744 3190 nonnulla
773 3131 911 3189 eeodiee
940 3130 967 3186 R
989 3129 1180 3188 transferrem
1202 3129 1234 3188 in

226 3223 386 3282 editionem
408 3214 451 3302 (p.
476 3221 528 3295 85,
544 3216 586 3297 1),
613 3239 679 3278 oum
702 3220 797 3278 altera
821 3238 856 3278 ex
882 3221 967 3294 parte
990 3220 1026 3276 ut
1052 3218 1235 3293 interpolata

226 3313 394 3372 omitterem
417 3329 466 3383 ea,
493 3328 570 3385 quae
594 3312 663 3370 sunt
685 3309 721 3367 de
743 3308 855 3384 plantis
879 3305 1083 3387 ἀρρενομόνοις
1105 3305 1154 3365 παὶ
1177 3311 1233 3382 θη-

225 3393 388 3480 λυγόνοις.1
433 3396 452 3474 ξ
476 3399 497 3458 4
519 3395 584 3478 περὶ
611 3396 772 3475 ποσότητος
799 3405 857 3456 τῶν
883 3393 1060 3474 τικτομένων
1088 3394 1235 3457 consentit

226 3605 309 3730 1892¹
331 3604 411 3728 idpqq
432 3603 501 3658 fecit
523 3603 729 3671 Krumbacher,
759 3603 824 3658 Sitz.
849 3603 909 3658 Ber.
934 3601 983 3655 der
1005 3601 1118 3654 Mfinch.
1142 3598 1234 3653 Akad.

313 3694 341 3744 p.
415 3718 420 3729 .
