2790 4214
232 257 275 321 20
613 254 722 308 LIBER
740 253 860 308 ALTER

124 422 387 503 ΧΥΗΡῦλόγον,
411 418 475 484 ἀπὸ
502 421 704 506 μεσημβρίας
726 419 788 501 τὴν
810 417 915 504 ἀρχὴν
938 425 995 500 τῆς
1018 415 1140 502 ἡμέρας
1163 422 1243 502 λαμ-

234 527 410 610 βάνουσιν,
438 523 500 602 ἕως
521 525 624 590 πάλιν
648 532 706 607 τῆς
733 525 834 607 όίλλης
860 527 1063 610 μεσημβρίας
1089 528 1179 608 μίαν·
1193 522 1243 589 λε’-

233 655 348 716 γοντες
371 630 507 718 ἡμέραν,
535 632 645 717 ὥσπερ
667 627 723 694 καὶ
746 631 778 695 οἱ
801 629 998 715 ἀστρολόγοι
1022 627 1074 695 έπλ
1097 639 1169 706 ταῖς
1191 654 1244 713 γε·

193 749 219 802 Η
233 738 372 806 νέσεσιν.
423 737 596 822 Ἀθηναῖοι
633 733 671 802 δέ
701 735 757 802 καὶ
791 734 887 802 αὐτοὶ
922 735 988 802 ἀπὸ
1025 737 1161 820 δυσμῶν
1197 737 1244 813 είς

165 855 218 909 ΗΡ
234 847 362 931 δυσμὰς
380 847 489 931 ὥσπερ
508 843 563 910 καὶ
578 846 611 911 ολ
624 844 782 930 Ἑβραῖοι,
801 842 952 928 Ῥωμαῖοι
970 839 1008 908 δέ
1025 844 1062 909 τὸ
1081 839 1142 928 μέν
1155 853 1243 928 πρῶ-

207 972 293 1018 stov
322 957 378 1016 ίσα
406 961 477 1027 τοῖς
506 953 737 1033 Βαβυλωνίοις
764 950 847 1016 κατὰ
875 948 935 1014 τὸν
964 949 1110 1032 φυσικὸν
1138 951 1243 1033 νόμον

232 1056 288 1124 καὶ
301 1056 396 1124 αὐτοὶ
414 1058 476 1141 τὴν
493 1056 619 1144 ἡμέραν
636 1059 744 1142 μόνην
762 1055 826 1121 ἀπὸ
845 1054 1017 1122 ἀνατολῶν
1035 1056 1133 1140 ἡλίου
1148 1053 1243 1141 μέχρι

233 1166 370 1250 δυσμῶν
391 1162 518 1251 ἡμέραν
540 1165 712 1250 ῶρίζοντο,
740 1163 802 1246 τὴν
823 1162 927 1227 νύκτα
949 1159 1055 1247 μηδὲν
1077 1165 1243 1247 λογιζόμε-

233 1292 300 1338 νοι·
327 1271 469 1357 ὕστερον
496 1266 534 1335 δέ
560 1269 625 1336 ἀπὸ
653 1269 753 1355 μέσης
779 1269 899 1346 νυκτὸς
925 1270 1031 1352 ἡμουν
1058 1278 1115 1352 τῆς
1143 1268 1244 1354 ἀρχῆς

193 1397 220 1436 1⁰
232 1388 291 1463 τῆς
322 1376 464 1463 ἑβδόμης
493 1378 581 1463 ὥρας
616 1377 717 1460 αὐτῆς
752 1373 811 1444 καὶ,
839 1373 900 1452 ἕως
931 1375 1031 1460 μέσης
1057 1376 1159 1442 πόλιν
1186 1384 1243 1458 τὴς

233 1484 390 1569 ἐπιούσης
411 1485 531 1560 νυκτὸς
555 1483 727 1548 έτύπωσαν
749 1483 810 1566 τὴν
832 1480 957 1568 ἡμέραν
974 1479 1030 1547 καί
1049 1485 1242 1566 νομίζεσθαι

232 1589 287 1658 καὶ
310 1591 539 1676 ὀνομάζεσθαι.

193 1745 217 1798 Χ
299 1735 328 1798 3.
358 1733 493 1808 Πάντας
515 1733 593 1807 τοῦς
616 1731 769 1816 ῥυθμοὺς
788 1729 823 1794 έκ
841 1739 898 1813 τῆς
920 1742 988 1795 τῶν
1010 1733 1186 1820 πλανήτων
1195 1740 1296 1806 RrII‚2

233 1841 393 1922 κινήσεως
417 1833 503 1902 εἶναι
527 1840 715 1922 συμβαίνει·
739 1835 756 1901 6
780 1832 842 1920 μέν
863 1838 927 1921 γὰρ
951 1839 1083 1921 Κρόνος
1104 1845 1151 1925 τῷ
1169 1842 1244 1902 Δω-

194 1983 220 2023 15
235 1947 307 2031 ρίω,
330 1942 349 2008 6
373 1939 410 2008 δὲ
431 1945 515 2020 Ζεὺς
536 1951 583 2030 τῷ
604 1946 753 2030 Φρυγίην,
777 1941 795 2007 6
819 1940 847 2006 δ’
862 1941 963 2029 ’Ἁρης
986 1951 1032 2031 τῷ
1051 1944 1167 2031 Λυδίη)
1189 1941 1244 2008 καὶ

234 2051 266 2116 06
287 2047 398 2115 λοιποὶ
417 2059 487 2126 τοῖς
511 2055 639 2127 λοιποῖς
663 2058 835 2115 κινοῦνται
857 2051 939 2117 κατὰ
957 2051 1017 2116 τὸν
1036 2052 1244 2136 Πυθαγόραν

232 2157 315 2243 πρὸς
338 2157 397 2222 τὸν
420 2152 503 2241 ἡχον
525 2167 592 2222 τῶν
613 2155 827 2242 φωνηέντων·
851 2157 868 2223 6
887 2153 949 2241 μέν
966 2159 1029 2243 γὰρ
1045 2156 1168 2242 Ἑρμοῦ
1185 2157 1244 2221 τὸν

234 2273 270 2346 α,
297 2264 315 2331 6
339 2261 368 2330 δ’
392 2262 591 2349 Ἀφροδίτης
616 2264 676 2328 τὸν
698 2270 730 2347 ἓ,
758 2263 776 2330 6
804 2262 834 2328 δ’
854 2262 972 2340 Ἥλιος
998 2263 1057 2328 τὸν
1084 2272 1120 2345 ἡ,
1146 2259 1202 2327 καὶ
1225 2261 1244 2327 6

234 2367 295 2456 μὲν
330 2380 390 2436 τοῦ
422 2372 558 2455 Κρόνου
594 2371 654 2435 τὸν
688 2371 717 2454 i,
754 2370 773 2436 6
811 2366 849 2435 δὲ
882 2379 942 2435 τοῦ
970 2368 1087 2454 ’Ἀρεος
1123 2371 1182 2433 τὸν
1214 2378 1243 2450 ὅ,

195 2517 220 2556 20
233 2475 288 2542 καί
312 2480 443 2561 Σελήνη
466 2477 526 2540 τὸν
548 2486 584 2559 ῦ,
618 2477 636 2541 6
659 2500 697 2560 γε
720 2478 786 2562 μὴν
808 2485 868 2542 τοῦ
890 2477 974 2553 Διὸς
1001 2476 1103 2559 ἀστὴρ
1130 2475 1190 2540 τὸν
1217 2484 1243 2539 ω

234 2583 368 2668 ῥυθμὸν
391 2581 622 2648 ἀποτελοῦσιν·
646 2582 664 2648 6
688 2579 726 2647 δέ
751 2578 829 2666 ἡχος
851 2591 918 2646 τῶν
936 2581 1078 2666 ῥυθμῶν
1097 2583 1141 2660 ὡς
1159 2581 1243 2666 ἡμᾶς

234 2688 295 2754 οὐκ
316 2687 504 2773 ἀφικνεῖται
527 2690 582 2754 διδ
605 2689 666 2772 τὴν
690 2688 879 2754 ἀπόστασιν.

305 3005 329 3040 v.
350 2993 364 3040 1
384 2986 440 3040 ἀπὸ
464 2977 633 3057 μεσημβρίας
655 2986 695 3048 είς
714 3003 780 3055 μεση
820 2984 884 3054 ρίαν
907 2986 958 3055 (εἰς
975 2983 1146 3057 μεσημβρίαν
1165 2986 1243 3041 omis.

240 3060 279 3120 Y)
294 3057 344 3128 τὴν
358 3054 465 3126 ἡμέραν
479 3057 579 3129 έλαβον
597 3057 658 3128 (τὴν
676 3054 782 3126 ἡμέραν
813 3061 847 3112 λα
866 3077 900 3113 ον
918 3057 996 3112 omits¹
1016 3058 1050 3128 S)
1069 3057 1167 3125 XYS,
1188 3056 1244 3112 ἀπὸ

236 3128 318 3201 μέσης
340 3129 380 3192 είς
400 3125 485 3198 μέσην
508 3128 608 3200 ἔλαβον
629 3127 681 3197 τὴν
703 3126 808 3197 ἡμέραν
945 3134 961 3181 3
979 3126 1103 3200 λέγοντες
1125 3125 1243 3197 ἡμέραν·

236 3198 354 3272 ἡομαϊοι
373 3198 404 3254 δὲ
418 3200 447 3252 Ρ
469 3201 472 3270 ἡ
497 3199 587 3268 ὥσπερ
598 3232 632 3240 -
646 3206 665 3254 4
680 3195 817 3270 γενέσεσιν
841 3198 918 3254 omia.
934 3201 997 3252 XP
1066 3206 1083 3253 4
1106 3200 1244 3268 ἀθηναῑοι

236 3271 267 3327 δέ
281 3278 347 3326 -ῦ
368 3268 479 3341 ’ωμαῖοί
502 3289 533 3341 γε
557 3270 612 3340 μὴν
629 3271 660 3325 τὸ
683 3272 751 3338 πρὶν
773 3269 844 3326 νατδι
867 3271 917 3326 τὸν
939 3271 1059 3338 φυσικὸν
1082 3267 1170 3338 νόμον
1194 3270 1245 3339 τὴν

255 3341 342 3412 μέραν
361 3293 480 3398 έτασσον
507 3341 564 3396 ἀπὸ
588 3342 731 3398 ἀνατολῶν
753 3339 833 3411 ἡλίου
856 3339 907 3404 ἕως
929 3344 1053 3411 δυσμῶν,
1080 3339 1196 3410 ὕστερον
1215 3340 1245 3395 δὲ

237 3414 294 3468 απδ
319 3411 402 3484 μέσης
424 3413 524 3476 ννιιτδς
545 3413 584 3476 είς
610 3410 696 3482 μέσην
720 3412 807 3468 νόιιτα
829 3410 990 3537 ἠρίθμησαν
1013 3413 1048 3466 H
1134 3418 1149 3466 6
1173 3412 1245 3467 κατὰ

237 3485 286 3540 τόν
302 3485 421 3553 φυσικὸν
438 3482 526 3554 νόμον
535 3483 614 3539 omis,
634 3486 662 3538 Ρ
724 3488 757 3538 10
773 3482 823 3547 ἕως
836 3492 915 3553 τῆςμ
930 3501 979 3552 σης
994 3485 1021 3537 Ρ
1082 3489 1115 3537 16
1129 3492 1246 3538 ιινοῦται

236 3556 277 3623 Α,
298 3563 441 3609 ποιοῦνται
460 3555 510 3610 A2
593 3562 625 3610 18
644 3556 676 3611 τδ
695 3562 722 3623 ἃ,
740 3555 772 3610 τδ
791 3565 804 3609 ε
822 3554 881 3608 rell.
900 3556 937 3623 B,
955 3555 987 3609 τὸ
1007 3560 1034 3622 ἆ,
1051 3555 1101 3609 τδν
1120 3564 1141 3622 ἑ,
1159 3555 1246 3610 τδνδ

237 3624 296 3681 rell.
315 3627 351 3694 A,
370 3626 401 3679 τὸ
420 3636 433 3679 ἓ
452 3625 511 3682 rell.
532 3645 601 3683 corr.
619 3628 669 3682 Αε
