<?xml version="1.0" encoding="UTF-8"?>
<!DOCTYPE html PUBLIC "-//W3C//DTD XHTML 1.0 Transitional//EN"
    "http://www.w3.org/TR/xhtml1/DTD/xhtml1-transitional.dtd">
<html xmlns="http://www.w3.org/1999/xhtml" xml:lang="en" lang="en">
 <head>
  <title>
</title>
<meta http-equiv="Content-Type" content="text/html;charset=utf-8" />
  <meta name='ocr-system' content='tesseract 3.04.00' />
  <meta name='ocr-capabilities' content='ocr_page ocr_carea ocr_par ocr_line ocrx_word'/>
</head>
<body>
  <div class='ocr_page' id='page_1' title='image "./ioannislaurenti02wuengoog_0171.png"; bbox 0 0 2790 4214; ppageno 0'>
   <div class='ocr_carea' id='block_1_1' title="bbox 233 252 1004 322">
    <p class='ocr_par' dir='ltr' id='par_1_1' title="bbox 233 252 1004 322">
     <span class='ocr_line' id='line_1_1' title="bbox 233 252 1004 322; baseline -0.006 -10"><span class='ocrx_word' id='word_1_1' title='bbox 233 257 276 322; x_wconf 79' lang='grc'><strong><em>72</em></strong></span> <span class='ocrx_word' id='word_1_2' title='bbox 473 253 583 310; x_wconf 80' lang='lat' dir='ltr'>LIBER</span> <span class='ocrx_word' id='word_1_3' title='bbox 601 253 777 319; x_wconf 82' lang='lat' dir='ltr'><strong>QUARTUS.</strong></span> <span class='ocrx_word' id='word_1_4' title='bbox 804 252 1004 308; x_wconf 73' lang='lat' dir='ltr'><strong><em>IANUARJUS</em></strong></span> 
     </span>
    </p>
   </div>
   <div class='ocr_carea' id='block_1_2' title="bbox 86 415 1250 2541">
    <p class='ocr_par' dir='ltr' id='par_1_2' title="bbox 168 415 1246 716">
     <span class='ocr_line' id='line_1_2' title="bbox 168 415 1245 504; baseline -0.006 -18"><span class='ocrx_word' id='word_1_5' title='bbox 168 419 381 504; x_wconf 73' lang='grc' dir='ltr'><strong><em>ΧΒῬυμαλοι</em></strong></span> <span class='ocrx_word' id='word_1_6' title='bbox 417 416 455 484; x_wconf 71' lang='grc' dir='ltr'><strong><em>δὲ</em></strong></span> <span class='ocrx_word' id='word_1_7' title='bbox 490 415 594 504; x_wconf 75' lang='grc' dir='ltr'><strong><em>μηδὲν</em></strong></span> <span class='ocrx_word' id='word_1_8' title='bbox 625 417 739 503; x_wconf 81' lang='grc' dir='ltr'><strong><em>ἕτερον</em></strong></span> <span class='ocrx_word' id='word_1_9' title='bbox 769 417 859 503; x_wconf 83' lang='grc' dir='ltr'><strong><em>παρά</em></strong></span> <span class='ocrx_word' id='word_1_10' title='bbox 888 418 950 500; x_wconf 80' lang='grc' dir='ltr'><strong><em>τὴν</em></strong></span> <span class='ocrx_word' id='word_1_11' title='bbox 983 415 1020 481; x_wconf 91' lang='grc' dir='ltr'><strong><em>έν</em></strong></span> <span class='ocrx_word' id='word_1_12' title='bbox 1050 415 1245 501; x_wconf 82' lang='grc' dir='ltr'><strong><em>ἀνθρώποις</em></strong></span> 
     </span>
     <span class='ocr_line' id='line_1_3' title="bbox 233 519 1245 610; baseline -0.004 -19"><span class='ocrx_word' id='word_1_13' title='bbox 233 526 449 610; x_wconf 78' lang='grc' dir='ltr'><em>εὐδαιμονίαν</em></span> <span class='ocrx_word' id='word_1_14' title='bbox 480 519 566 590; x_wconf 78' lang='grc' dir='ltr'><strong><em>εἶναι</em></strong></span> <span class='ocrx_word' id='word_1_15' title='bbox 597 526 785 608; x_wconf 82' lang='grc' dir='ltr'><strong><em>νομίζοντες</em></strong></span> <span class='ocrx_word' id='word_1_16' title='bbox 817 522 922 606; x_wconf 79' lang='grc' dir='ltr'><strong><em>αὐτὴν</em></strong></span> <span class='ocrx_word' id='word_1_17' title='bbox 952 521 1007 587; x_wconf 82' lang='grc' dir='ltr'><strong><em>καὶ</em></strong></span> <span class='ocrx_word' id='word_1_18' title='bbox 1039 524 1147 607; x_wconf 91' lang='grc' dir='ltr'><strong><em>μόνην</em></strong></span> <span class='ocrx_word' id='word_1_19' title='bbox 1177 533 1245 588; x_wconf 82' lang='grc' dir='ltr'><strong><em>τῶν</em></strong></span> 
     </span>
     <span class='ocr_line' id='line_1_4' title="bbox 232 628 1246 716; baseline -0.005 -16"><span class='ocrx_word' id='word_1_20' title='bbox 232 632 367 700; x_wconf 87' lang='grc' dir='ltr'><strong><em>πάντων</em></strong></span> <span class='ocrx_word' id='word_1_21' title='bbox 396 632 552 716; x_wconf 78' lang='grc' dir='ltr'><strong><em>ἡγεῖσθαι</em></strong></span> <span class='ocrx_word' id='word_1_22' title='bbox 579 634 784 715; x_wconf 79' lang='grc' dir='ltr'><strong><em>νενομίκασι,</em></strong></span> <span class='ocrx_word' id='word_1_23' title='bbox 819 635 1017 715; x_wconf 84' lang='grc' dir='ltr'><strong><em>Φορτοῦναν</em></strong></span> <span class='ocrx_word' id='word_1_24' title='bbox 1046 628 1152 713; x_wconf 76' lang='grc' dir='ltr'><strong><em>αὐτὴν</em></strong></span> <span class='ocrx_word' id='word_1_25' title='bbox 1181 629 1246 696; x_wconf 84' lang='grc' dir='ltr'><strong><em>άπὸ</em></strong></span> 
     </span>
    </p>

    <p class='ocr_par' dir='ltr' id='par_1_3' title="bbox 197 732 1248 1570">
     <span class='ocr_line' id='line_1_5' title="bbox 201 732 1245 825; baseline -0.005 -20"><span class='ocrx_word' id='word_1_26' title='bbox 201 748 291 822; x_wconf 71' lang='grc' dir='ltr'><strong><em>ὃτης</em></strong></span> <span class='ocrx_word' id='word_1_27' title='bbox 314 745 421 824; x_wconf 82' lang='grc' dir='ltr'><strong><em>φοράς</em></strong></span> <span class='ocrx_word' id='word_1_28' title='bbox 444 737 593 825; x_wconf 81' lang='grc' dir='ltr'><strong><em>ἐμφερῶς</em></strong></span> <span class='ocrx_word' id='word_1_29' title='bbox 615 738 846 822; x_wconf 79' lang='grc' dir='ltr'><strong><em>ὀνομάσαντες.</em></strong></span> <span class='ocrx_word' id='word_1_30' title='bbox 887 737 991 820; x_wconf 81' lang='grc' dir='ltr'><strong><em>δῆλον</em></strong></span> <span class='ocrx_word' id='word_1_31' title='bbox 1013 732 1051 801; x_wconf 73' lang='grc' dir='ltr'><strong><em>δέ</em></strong></span> <span class='ocrx_word' id='word_1_32' title='bbox 1074 735 1125 801; x_wconf 80' lang='grc' dir='ltr'><strong><em>ὅτι</em></strong></span> <span class='ocrx_word' id='word_1_33' title='bbox 1148 732 1245 820; x_wconf 74' lang='grc' dir='ltr'><strong><em>ὁμὲν</em></strong></span> 
     </span>
     <span class='ocr_line' id='line_1_6' title="bbox 207 840 1244 928; baseline -0.003 -17"><span class='ocrx_word' id='word_1_34' title='bbox 207 846 379 913; x_wconf 85' lang='grc' dir='ltr'><strong><em>ιΠλάτων</em></strong></span> <span class='ocrx_word' id='word_1_35' title='bbox 412 846 494 910; x_wconf 86' lang='grc' dir='ltr'><strong><em>κατά</em></strong></span> <span class='ocrx_word' id='word_1_36' title='bbox 523 846 584 928; x_wconf 80' lang='grc' dir='ltr'><strong><em>τὴν</em></strong></span> <span class='ocrx_word' id='word_1_37' title='bbox 613 846 735 909; x_wconf 81' lang='grc' dir='ltr'><strong><em>ἔνθεον</em></strong></span> <span class='ocrx_word' id='word_1_38' title='bbox 764 841 868 908; x_wconf 82' lang='grc' dir='ltr'><strong><em>αὐτοῦ</em></strong></span> <span class='ocrx_word' id='word_1_39' title='bbox 897 841 1056 926; x_wconf 82' lang='grc' dir='ltr'><strong><em>ἀφέλειαν</em></strong></span> <span class='ocrx_word' id='word_1_40' title='bbox 1086 840 1244 927; x_wconf 77' lang='grc' dir='ltr'><strong><em>μέμνηται</em></strong></span> 
     </span>
     <span class='ocr_line' id='line_1_7' title="bbox 235 947 1244 1035; baseline -0.004 -18"><span class='ocrx_word' id='word_1_41' title='bbox 235 951 407 1028; x_wconf 80' lang='grc' dir='ltr'><strong><em>ἀπολύτως</em></strong></span> <span class='ocrx_word' id='word_1_42' title='bbox 433 960 494 1018; x_wconf 87' lang='grc' dir='ltr'><strong><em>τοῦ</em></strong></span> <span class='ocrx_word' id='word_1_43' title='bbox 521 951 621 1035; x_wconf 91' lang='grc' dir='ltr'><strong><em>τύχης</em></strong></span> <span class='ocrx_word' id='word_1_44' title='bbox 648 950 825 1035; x_wconf 86' lang='grc' dir='ltr'><strong><em>ὀνόματος,</em></strong></span> <span class='ocrx_word' id='word_1_45' title='bbox 856 949 896 1014; x_wconf 86' lang='grc' dir='ltr'><strong><em>ού</em></strong></span> <span class='ocrx_word' id='word_1_46' title='bbox 924 950 990 1033; x_wconf 80' lang='grc' dir='ltr'><strong><em>μην</em></strong></span> <span class='ocrx_word' id='word_1_47' title='bbox 1012 954 1185 1033; x_wconf 82' lang='grc' dir='ltr'><strong><em>θεολογῶν</em></strong></span> <span class='ocrx_word' id='word_1_48' title='bbox 1208 947 1244 1013; x_wconf 82' lang='grc' dir='ltr'><strong><em>έν</em></strong></span> 
     </span>
     <span class='ocr_line' id='line_1_8' title="bbox 236 1051 1245 1148; baseline -0.002 -26"><span class='ocrx_word' id='word_1_49' title='bbox 236 1056 324 1136; x_wconf 81' lang='grc' dir='ltr'><strong><em>τάξει</em></strong></span> <span class='ocrx_word' id='word_1_50' title='bbox 350 1064 442 1123; x_wconf 82' lang='grc' dir='ltr'><strong><em>θεῶν</em></strong></span> <span class='ocrx_word' id='word_1_51' title='bbox 468 1060 591 1148; x_wconf 84' lang='grc' dir='ltr'><strong><em>τίθησιΙ</em></strong></span> <span class='ocrx_word' id='word_1_52' title='bbox 611 1055 724 1140; x_wconf 81' lang='grc' dir='ltr'><strong><em>αὐτην.</em></strong></span> <span class='ocrx_word' id='word_1_53' title='bbox 764 1053 991 1140; x_wconf 81' lang='grc' dir='ltr'><strong><em>Ἀριστοτέλης</em></strong></span> <span class='ocrx_word' id='word_1_54' title='bbox 1018 1051 1056 1121; x_wconf 70' lang='grc' dir='ltr'><strong><em>δὲ</em></strong></span> <span class='ocrx_word' id='word_1_55' title='bbox 1082 1053 1137 1120; x_wconf 85' lang='grc' dir='ltr'><strong><em>καλ</em></strong></span> <span class='ocrx_word' id='word_1_56' title='bbox 1167 1057 1245 1120; x_wconf 82' lang='grc' dir='ltr'><strong><em>Θεί-</em></strong></span> 
     </span>
     <span class='ocr_line' id='line_1_9' title="bbox 237 1157 1246 1250; baseline -0.002 -22"><span class='ocrx_word' id='word_1_57' title='bbox 237 1180 384 1250; x_wconf 85' lang='grc' dir='ltr'><strong><em>φραστος</em></strong></span> <span class='ocrx_word' id='word_1_58' title='bbox 413 1161 468 1228; x_wconf 80' lang='grc' dir='ltr'><strong><em>καὶ</em></strong></span> <span class='ocrx_word' id='word_1_59' title='bbox 495 1165 614 1240; x_wconf 87' lang='grc' dir='ltr'><strong><em>πάντες</em></strong></span> <span class='ocrx_word' id='word_1_60' title='bbox 637 1164 670 1228; x_wconf 81' lang='grc' dir='ltr'><strong><em>ολ</em></strong></span> <span class='ocrx_word' id='word_1_61' title='bbox 691 1160 761 1228; x_wconf 70' lang='grc' dir='ltr'><strong><em>καί</em></strong></span> <span class='ocrx_word' id='word_1_62' title='bbox 789 1162 910 1239; x_wconf 83' lang='grc' dir='ltr'><strong><em>αὐτούς</em></strong></span> <span class='ocrx_word' id='word_1_63' title='bbox 933 1158 1012 1228; x_wconf 74' lang='grc' dir='ltr'><strong><em>οὐδὲ</em></strong></span> <span class='ocrx_word' id='word_1_64' title='bbox 1035 1157 1120 1227; x_wconf 83' lang='grc' dir='ltr'><strong><em>εἶναι</em></strong></span> <span class='ocrx_word' id='word_1_65' title='bbox 1144 1161 1246 1244; x_wconf 75' lang='grc' dir='ltr'><strong><em>αὐτὴν</em></strong></span> 
     </span>
     <span class='ocr_line' id='line_1_10' title="bbox 237 1267 1246 1355; baseline -0.003 -19"><span class='ocrx_word' id='word_1_66' title='bbox 237 1269 365 1348; x_wconf 82' lang='grc' dir='ltr'><strong><em>ἀξιοῦσι</em></strong></span> <span class='ocrx_word' id='word_1_67' title='bbox 384 1271 580 1355; x_wconf 87' lang='grc' dir='ltr'><strong><em>φάσκοντες·</em></strong></span> <span class='ocrx_word' id='word_1_68' title='bbox 603 1271 633 1334; x_wconf 81' lang='grc' dir='ltr'><strong><em>ελ</em></strong></span> <span class='ocrx_word' id='word_1_69' title='bbox 651 1271 743 1335; x_wconf 83' lang='grc' dir='ltr'><strong><em>ἔστιν</em></strong></span> <span class='ocrx_word' id='word_1_70' title='bbox 760 1268 869 1352; x_wconf 81' lang='grc' dir='ltr'><strong><em>άρετη,</em></strong></span> <span class='ocrx_word' id='word_1_71' title='bbox 893 1267 954 1334; x_wconf 88' lang='grc' dir='ltr'><strong><em>οὐκ</em></strong></span> <span class='ocrx_word' id='word_1_72' title='bbox 972 1271 1042 1333; x_wconf 81' lang='grc' dir='ltr'><strong><em>ἔστι</em></strong></span> <span class='ocrx_word' id='word_1_73' title='bbox 1060 1269 1156 1353; x_wconf 87' lang='grc' dir='ltr'><strong><em>τύχη·</em></strong></span> <span class='ocrx_word' id='word_1_74' title='bbox 1178 1270 1246 1333; x_wconf 86' lang='grc' dir='ltr'><strong><em>άνω</em></strong></span> 
     </span>
     <span class='ocr_line' id='line_1_11' title="bbox 197 1374 1248 1462; baseline -0.006 -17"><span class='ocrx_word' id='word_1_75' title='bbox 197 1379 300 1462; x_wconf 76' lang='grc' dir='ltr'><strong><em>1ογάρ</em></strong></span> <span class='ocrx_word' id='word_1_76' title='bbox 339 1375 394 1442; x_wconf 82' lang='grc' dir='ltr'><strong><em>καὶ</em></strong></span> <span class='ocrx_word' id='word_1_77' title='bbox 430 1377 516 1442; x_wconf 89' lang='grc' dir='ltr'><strong><em>κάτω</em></strong></span> <span class='ocrx_word' id='word_1_78' title='bbox 553 1377 593 1441; x_wconf 86' lang='grc' dir='ltr'><strong><em>τά</em></strong></span> <span class='ocrx_word' id='word_1_79' title='bbox 630 1384 687 1458; x_wconf 82' lang='grc' dir='ltr'><strong><em>της</em></strong></span> <span class='ocrx_word' id='word_1_80' title='bbox 718 1375 818 1459; x_wconf 87' lang='grc' dir='ltr'><strong><em>τύχης</em></strong></span> <span class='ocrx_word' id='word_1_81' title='bbox 851 1374 888 1440; x_wconf 87' lang='grc' dir='ltr'><strong><em>έν</em></strong></span> <span class='ocrx_word' id='word_1_82' title='bbox 919 1385 989 1450; x_wconf 82' lang='grc' dir='ltr'><strong><em>τοῖς</em></strong></span> <span class='ocrx_word' id='word_1_83' title='bbox 1020 1374 1248 1460; x_wconf 75' lang='grc' dir='ltr'><strong><em>ἀνθρωπίνοις</em></strong></span> 
     </span>
     <span class='ocr_line' id='line_1_12' title="bbox 237 1477 1247 1570; baseline -0.006 -20"><span class='ocrx_word' id='word_1_84' title='bbox 237 1485 434 1568; x_wconf 82' lang='grc' dir='ltr'><strong><em>γυμνάζεται</em></strong></span> <span class='ocrx_word' id='word_1_85' title='bbox 456 1483 636 1568; x_wconf 88' lang='grc' dir='ltr'><strong><em>πράγμασι,</em></strong></span> <span class='ocrx_word' id='word_1_86' title='bbox 657 1482 789 1570; x_wconf 78' lang='grc' dir='ltr'><strong><em>πλούτῳ</em></strong></span> <span class='ocrx_word' id='word_1_87' title='bbox 813 1477 850 1546; x_wconf 74' lang='grc' dir='ltr'><strong><em>δὲ</em></strong></span> <span class='ocrx_word' id='word_1_88' title='bbox 873 1479 928 1546; x_wconf 81' lang='grc' dir='ltr'><strong><em>καὶ</em></strong></span> <span class='ocrx_word' id='word_1_89' title='bbox 947 1483 1086 1566; x_wconf 79' lang='grc' dir='ltr'><strong><em>δυνάμει</em></strong></span> <span class='ocrx_word' id='word_1_90' title='bbox 1103 1479 1159 1546; x_wconf 78' lang='grc' dir='ltr'><strong><em>καὶ</em></strong></span> <span class='ocrx_word' id='word_1_91' title='bbox 1177 1482 1247 1545; x_wconf 90' lang='grc' dir='ltr'><strong><em>δια-</em></strong></span> 
     </span>
    </p>

    <p class='ocr_par' dir='ltr' id='par_1_4' title="bbox 175 1585 1249 1886">
     <span class='ocr_line' id='line_1_13' title="bbox 175 1585 1248 1676; baseline -0.005 -19"><span class='ocrx_word' id='word_1_92' title='bbox 175 1602 225 1657; x_wconf 80' lang='lat' dir='ltr'><strong><em>XS</em></strong></span> <span class='ocrx_word' id='word_1_93' title='bbox 239 1592 408 1676; x_wconf 85' lang='grc' dir='ltr'><strong><em>φερόντως</em></strong></span> <span class='ocrx_word' id='word_1_94' title='bbox 431 1588 555 1675; x_wconf 80' lang='grc' dir='ltr'><strong><em>άδικίᾳ·</em></strong></span> <span class='ocrx_word' id='word_1_95' title='bbox 579 1590 611 1654; x_wconf 80' lang='grc' dir='ltr'><strong><em>ολ</em></strong></span> <span class='ocrx_word' id='word_1_96' title='bbox 634 1585 671 1654; x_wconf 73' lang='grc' dir='ltr'><strong><em>δέ</em></strong></span> <span class='ocrx_word' id='word_1_97' title='bbox 692 1589 775 1673; x_wconf 88' lang='grc' dir='ltr'><strong><em>πρὸς</em></strong></span> <span class='ocrx_word' id='word_1_98' title='bbox 798 1586 918 1674; x_wconf 78' lang='grc' dir='ltr'><strong><em>ἀρετὴν</em></strong></span> <span class='ocrx_word' id='word_1_99' title='bbox 940 1591 1070 1673; x_wconf 82' lang='grc' dir='ltr'><strong><em>ἔχοντες</em></strong></span> <span class='ocrx_word' id='word_1_100' title='bbox 1091 1586 1146 1653; x_wconf 82' lang='grc' dir='ltr'><strong><em>καὶ</em></strong></span> <span class='ocrx_word' id='word_1_101' title='bbox 1163 1595 1248 1654; x_wconf 87' lang='grc' dir='ltr'><strong><em>θεοῦ</em></strong></span> 
     </span>
     <span class='ocr_line' id='line_1_14' title="bbox 238 1692 1249 1781; baseline -0.003 -19"><span class='ocrx_word' id='word_1_102' title='bbox 238 1694 438 1781; x_wconf 77' lang='grc' dir='ltr'><strong><em>μεμνημένοι</em></strong></span> <span class='ocrx_word' id='word_1_103' title='bbox 456 1692 512 1760; x_wconf 80' lang='grc' dir='ltr'><strong><em>καὶ</em></strong></span> <span class='ocrx_word' id='word_1_104' title='bbox 529 1697 719 1779; x_wconf 89' lang='grc' dir='ltr'><strong><em>κρείττονας</em></strong></span> <span class='ocrx_word' id='word_1_105' title='bbox 738 1693 791 1759; x_wconf 80' lang='grc' dir='ltr'><strong><em>ἐπὶ</em></strong></span> <span class='ocrx_word' id='word_1_106' title='bbox 805 1705 872 1759; x_wconf 84' lang='grc' dir='ltr'><strong><em>τῶν</em></strong></span> <span class='ocrx_word' id='word_1_107' title='bbox 885 1692 998 1760; x_wconf 87' lang='grc' dir='ltr'><strong><em>άύλων</em></strong></span> <span class='ocrx_word' id='word_1_108' title='bbox 1010 1692 1065 1759; x_wconf 82' lang='grc' dir='ltr'><strong><em>καὶ</em></strong></span> <span class='ocrx_word' id='word_1_109' title='bbox 1079 1698 1249 1780; x_wconf 83' lang='grc' dir='ltr'><strong><em>μακαρίων</em></strong></span> 
     </span>
     <span class='ocr_line' id='line_1_15' title="bbox 238 1799 1248 1886; baseline -0.003 -19"><span class='ocrx_word' id='word_1_110' title='bbox 238 1802 441 1886; x_wconf 76' lang='grc' dir='ltr'><strong><em>πραγμάτων</em></strong></span> <span class='ocrx_word' id='word_1_111' title='bbox 460 1799 594 1877; x_wconf 77' lang='grc' dir='ltr'><strong><em>ἐλπίδας</em></strong></span> <span class='ocrx_word' id='word_1_112' title='bbox 613 1802 809 1878; x_wconf 79' lang='grc' dir='ltr'><strong><em>σαλεύοντες</em></strong></span> <span class='ocrx_word' id='word_1_113' title='bbox 826 1809 1073 1886; x_wconf 83' lang='grc' dir='ltr'><strong><em>καταφρονοῦσι</em></strong></span> <span class='ocrx_word' id='word_1_114' title='bbox 1090 1811 1159 1866; x_wconf 84' lang='grc' dir='ltr'><strong><em>τῶν</em></strong></span> <span class='ocrx_word' id='word_1_115' title='bbox 1171 1801 1248 1886; x_wconf 76' lang='grc' dir='ltr'><strong><em>τῇδε</em></strong></span> 
     </span>
    </p>

    <p class='ocr_par' dir='ltr' id='par_1_5' title="bbox 86 1903 1250 2541">
     <span class='ocr_line' id='line_1_16' title="bbox 209 1903 1250 1993; baseline -0.003 -19"><span class='ocrx_word' id='word_1_116' title='bbox 209 1912 364 1974; x_wconf 70' lang='grc' dir='ltr'><strong><em>ὃκαλῶν·</em></strong></span> <span class='ocrx_word' id='word_1_117' title='bbox 393 1903 494 1972; x_wconf 74' lang='grc' dir='ltr'><strong><em>οὐδὲν</em></strong></span> <span class='ocrx_word' id='word_1_118' title='bbox 520 1907 583 1992; x_wconf 84' lang='grc' dir='ltr'><strong><em>γάρ</em></strong></span> <span class='ocrx_word' id='word_1_119' title='bbox 610 1906 755 1992; x_wconf 82' lang='grc' dir='ltr'><strong><em>ἀσφαλές</em></strong></span> <span class='ocrx_word' id='word_1_120' title='bbox 779 1905 847 1972; x_wconf 84' lang='grc' dir='ltr'><strong><em>ἐστι</em></strong></span> <span class='ocrx_word' id='word_1_121' title='bbox 869 1916 927 1991; x_wconf 80' lang='grc' dir='ltr'><strong><em>τῆς</em></strong></span> <span class='ocrx_word' id='word_1_122' title='bbox 949 1908 1058 1992; x_wconf 81' lang='grc' dir='ltr'><strong><em>τύχης,</em></strong></span> <span class='ocrx_word' id='word_1_123' title='bbox 1081 1908 1126 1983; x_wconf 77' lang='grc' dir='ltr'><strong><em>ὡς</em></strong></span> <span class='ocrx_word' id='word_1_124' title='bbox 1148 1907 1250 1993; x_wconf 86' lang='grc' dir='ltr'><strong><em>Εὐρι-</em></strong></span> 
     </span>
     <span class='ocr_line' id='line_1_17' title="bbox 86 2012 600 2099; baseline -0.01 -16"><span class='ocrx_word' id='word_1_125' title='bbox 86 2057 89 2061; x_wconf 47' lang='grc'>’</span> <span class='ocrx_word' id='word_1_126' title='bbox 201 2014 339 2097; x_wconf 81' lang='grc' dir='ltr'><strong><em>ιεπίδης</em></strong></span> <span class='ocrx_word' id='word_1_127' title='bbox 363 2012 399 2078; x_wconf 85' lang='grc' dir='ltr'><strong><em>έυ</em></strong></span> <span class='ocrx_word' id='word_1_128' title='bbox 417 2012 600 2099; x_wconf 69' lang='grc' dir='ltr'><strong><em>Ὑψιπύλη.</em></strong></span> 
     </span>
     <span class='ocr_line' id='line_1_18' title="bbox 324 2129 1149 2224; baseline 0 -22"><span class='ocrx_word' id='word_1_129' title='bbox 324 2129 363 2202; x_wconf 79' lang='grc' dir='ltr'><em>Ὦ</em></span> <span class='ocrx_word' id='word_1_130' title='bbox 385 2140 495 2222; x_wconf 81' lang='grc' dir='ltr'><strong><em>θνητά</em></strong></span> <span class='ocrx_word' id='word_1_131' title='bbox 517 2136 789 2224; x_wconf 81' lang='grc' dir='ltr'><strong><em>παραφρονηματ’</em></strong></span> <span class='ocrx_word' id='word_1_132' title='bbox 817 2137 1019 2223; x_wconf 83' lang='grc' dir='ltr'><strong><em>ἀνθρώπων·</em></strong></span> <span class='ocrx_word' id='word_1_133' title='bbox 1042 2138 1149 2222; x_wconf 92' lang='grc' dir='ltr'><strong><em>μάτην</em></strong></span> 
     </span>
     <span class='ocr_line' id='line_1_19' title="bbox 330 2235 1104 2330; baseline -0.004 -19"><span class='ocrx_word' id='word_1_134' title='bbox 330 2245 365 2311; x_wconf 86' lang='grc' dir='ltr'><strong><em>οί</em></strong></span> <span class='ocrx_word' id='word_1_135' title='bbox 385 2262 489 2330; x_wconf 81' lang='grc' dir='ltr'><strong><em>φασιν</em></strong></span> <span class='ocrx_word' id='word_1_136' title='bbox 511 2239 680 2329; x_wconf 80' lang='grc' dir='ltr'><strong><em>εἶναιτὴν</em></strong></span> <span class='ocrx_word' id='word_1_137' title='bbox 702 2245 806 2330; x_wconf 89' lang='grc' dir='ltr'><strong><em>τύχην</em></strong></span> <span class='ocrx_word' id='word_1_138' title='bbox 828 2243 898 2309; x_wconf 80' lang='grc' dir='ltr'><strong><em>ἀλλ’</em></strong></span> <span class='ocrx_word' id='word_1_139' title='bbox 923 2235 966 2309; x_wconf 56' lang='grc' dir='ltr'><strong><em>ὀὐ</em></strong></span> <span class='ocrx_word' id='word_1_140' title='bbox 989 2244 1104 2320; x_wconf 87' lang='grc' dir='ltr'><strong><em>θεούς·</em></strong></span> 
     </span>
     <span class='ocr_line' id='line_1_20' title="bbox 175 2347 1073 2437; baseline -0.004 -18"><span class='ocrx_word' id='word_1_141' title='bbox 175 2365 227 2420; x_wconf 85' lang='lat' dir='ltr'><strong><em>XS</em></strong></span> <span class='ocrx_word' id='word_1_142' title='bbox 331 2355 360 2418; x_wconf 83' lang='grc' dir='ltr'><strong><em>εί</em></strong></span> <span class='ocrx_word' id='word_1_143' title='bbox 383 2353 446 2437; x_wconf 87' lang='grc' dir='ltr'><strong><em>γάρ</em></strong></span> <span class='ocrx_word' id='word_1_144' title='bbox 469 2353 551 2437; x_wconf 92' lang='grc' dir='ltr'><strong><em>τύχη</em></strong></span> <span class='ocrx_word' id='word_1_145' title='bbox 573 2348 635 2437; x_wconf 69' lang='grc' dir='ltr'><strong><em>μὲν</em></strong></span> <span class='ocrx_word' id='word_1_146' title='bbox 658 2353 758 2435; x_wconf 76' lang='grc' dir='ltr'><strong><em>ἔστιν,</em></strong></span> <span class='ocrx_word' id='word_1_147' title='bbox 782 2347 882 2416; x_wconf 71' lang='grc' dir='ltr'><strong><em>οὐδὲν</em></strong></span> <span class='ocrx_word' id='word_1_148' title='bbox 905 2352 957 2416; x_wconf 77' lang='grc' dir='ltr'><strong><em>δεῖ</em></strong></span> <span class='ocrx_word' id='word_1_149' title='bbox 978 2357 1073 2433; x_wconf 89' lang='grc' dir='ltr'><strong><em>θεοῦ,</em></strong></span> 
     </span>
     <span class='ocr_line' id='line_1_21' title="bbox 200 2453 1066 2541; baseline -0.007 -15"><span class='ocrx_word' id='word_1_150' title='bbox 200 2487 228 2526; x_wconf 80' lang='grc' dir='ltr'><strong><em>ιο</em></strong></span> <span class='ocrx_word' id='word_1_151' title='bbox 330 2459 360 2524; x_wconf 84' lang='grc' dir='ltr'><strong><em>ελ</em></strong></span> <span class='ocrx_word' id='word_1_152' title='bbox 383 2457 412 2523; x_wconf 84' lang='grc' dir='ltr'><strong><em>δ’</em></strong></span> <span class='ocrx_word' id='word_1_153' title='bbox 440 2461 472 2524; x_wconf 85' lang='grc' dir='ltr'><strong><em>ολ</em></strong></span> <span class='ocrx_word' id='word_1_154' title='bbox 495 2457 572 2524; x_wconf 86' lang='grc' dir='ltr'><strong><em>θεοὶ</em></strong></span> <span class='ocrx_word' id='word_1_155' title='bbox 594 2455 786 2541; x_wconf 86' lang='grc' dir='ltr'><strong><em>σθένουσιν,</em></strong></span> <span class='ocrx_word' id='word_1_156' title='bbox 810 2453 911 2522; x_wconf 65' lang='grc' dir='ltr'><strong><em>οὐδέν</em></strong></span> <span class='ocrx_word' id='word_1_157' title='bbox 933 2457 953 2540; x_wconf 79' lang='grc' dir='ltr'><em>ἡ</em></span> <span class='ocrx_word' id='word_1_158' title='bbox 976 2458 1066 2541; x_wconf 89' lang='grc' dir='ltr'><strong><em>τύχη.</em></strong></span> 
     </span>
    </p>
   </div>
   <div class='ocr_carea' id='block_1_3' title="bbox 201 2557 1390 2773">
    <p class='ocr_par' dir='ltr' id='par_1_6' title="bbox 201 2557 1390 2773">
     <span class='ocr_line' id='line_1_22' title="bbox 201 2557 1390 2666; baseline -0.001 -20"><span class='ocrx_word' id='word_1_159' title='bbox 201 2594 228 2647; x_wconf 86' lang='grc' dir='ltr'>Χ</span> <span class='ocrx_word' id='word_1_160' title='bbox 243 2583 367 2647; x_wconf 79' lang='grc' dir='ltr'><strong><em>εἰκαῖον</em></strong></span> <span class='ocrx_word' id='word_1_161' title='bbox 391 2583 454 2666; x_wconf 90' lang='grc' dir='ltr'><strong><em>γάρ</em></strong></span> <span class='ocrx_word' id='word_1_162' title='bbox 477 2580 586 2646; x_wconf 82' lang='grc' dir='ltr'><strong><em>τεκαὶ</em></strong></span> <span class='ocrx_word' id='word_1_163' title='bbox 609 2574 770 2647; x_wconf 90' lang='grc' dir='ltr'><strong><em>άνούσιον</em></strong></span> <span class='ocrx_word' id='word_1_164' title='bbox 791 2583 828 2646; x_wconf 89' lang='grc' dir='ltr'><strong><em>τὸ</em></strong></span> <span class='ocrx_word' id='word_1_165' title='bbox 851 2590 909 2663; x_wconf 80' lang='grc' dir='ltr'><strong><em>τῆς</em></strong></span> <span class='ocrx_word' id='word_1_166' title='bbox 930 2581 1031 2665; x_wconf 76' lang='grc' dir='ltr'><strong><em>πύλης</em></strong></span> <span class='ocrx_word' id='word_1_167' title='bbox 1053 2581 1186 2666; x_wconf 74' lang='grc' dir='ltr'><strong><em>ὄνομα</em></strong></span> <span class='ocrx_word' id='word_1_168' title='bbox 1211 2583 1252 2645; x_wconf 75' lang='grc' dir='ltr'><strong><em>τά</em></strong></span> <span class='ocrx_word' id='word_1_169' title='bbox 1367 2557 1390 2579; x_wconf 55' lang='lat'><strong><em>&#39;³</em></strong></span> 
     </span>
     <span class='ocr_line' id='line_1_23' title="bbox 242 2686 1252 2773; baseline 0.001 -22"><span class='ocrx_word' id='word_1_170' title='bbox 242 2697 309 2752; x_wconf 83' lang='grc' dir='ltr'><strong><em>τῶν</em></strong></span> <span class='ocrx_word' id='word_1_171' title='bbox 337 2686 528 2772; x_wconf 78' lang='grc' dir='ltr'><strong><em>ἀνθρώπων</em></strong></span> <span class='ocrx_word' id='word_1_172' title='bbox 555 2689 729 2773; x_wconf 90' lang='grc' dir='ltr'><strong><em>πράγματα</em></strong></span> <span class='ocrx_word' id='word_1_173' title='bbox 755 2691 889 2772; x_wconf 88' lang='grc' dir='ltr'><strong><em>κλίμακι</em></strong></span> <span class='ocrx_word' id='word_1_174' title='bbox 911 2687 1059 2772; x_wconf 83' lang='grc' dir='ltr'><strong><em>πέφυκεν</em></strong></span> <span class='ocrx_word' id='word_1_175' title='bbox 1086 2686 1252 2772; x_wconf 84' lang='grc' dir='ltr'><strong><em>ἐξομοιοῦ-</em></strong></span> 
     </span>
    </p>
   </div>
   <div class='ocr_carea' id='block_1_4' title="bbox 242 2877 1253 3164">
    <p class='ocr_par' dir='ltr' id='par_1_7' title="bbox 242 2877 1253 3164">
     <span class='ocr_line' id='line_1_24' title="bbox 314 2877 1252 2949; baseline 0.002 -19"><span class='ocrx_word' id='word_1_176' title='bbox 314 2897 339 2933; x_wconf 85' lang='lat' dir='ltr'><strong><em>v.</em></strong></span> <span class='ocrx_word' id='word_1_177' title='bbox 359 2882 375 2931; x_wconf 80' lang='grc' dir='ltr'><strong>ὅ</strong></span> <span class='ocrx_word' id='word_1_178' title='bbox 393 2877 476 2932; x_wconf 79' lang='lat' dir='ltr'>Plato</span> <span class='ocrx_word' id='word_1_179' title='bbox 495 2877 530 2934; x_wconf 80' lang='lat' dir='ltr'><strong><em>cf.</em></strong></span> <span class='ocrx_word' id='word_1_180' title='bbox 549 2878 668 2949; x_wconf 84' lang='lat' dir='ltr'>Doxogr.</span> <span class='ocrx_word' id='word_1_181' title='bbox 688 2897 728 2949; x_wconf 84' lang='lat' dir='ltr'><strong><em>gr.</em></strong></span> <span class='ocrx_word' id='word_1_182' title='bbox 743 2877 899 2934; x_wconf 68' lang='lat'>324291216</span> <span class='ocrx_word' id='word_1_183' title='bbox 981 2884 996 2931; x_wconf 76' lang='lat'><strong>7</strong></span> <span class='ocrx_word' id='word_1_184' title='bbox 1015 2879 1131 2934; x_wconf 70' lang='lat' dir='ltr'><strong><em>Aristot.</em></strong></span> <span class='ocrx_word' id='word_1_185' title='bbox 1149 2878 1202 2949; x_wconf 85' lang='lat' dir='ltr'><strong>frg.</strong></span> <span class='ocrx_word' id='word_1_186' title='bbox 1217 2883 1252 2933; x_wconf 88' lang='lat'><strong><em>88</em></strong></span> 
     </span>
     <span class='ocr_line' id='line_1_25' title="bbox 242 2947 1252 3021; baseline 0 -18"><span class='ocrx_word' id='word_1_187' title='bbox 242 2969 269 3020; x_wconf 93' lang='lat' dir='ltr'><strong><em>p.</em></strong></span> <span class='ocrx_word' id='word_1_188' title='bbox 280 2947 368 3004; x_wconf 79' lang='lat' dir='ltr'><strong><em>1491b</em></strong></span> <span class='ocrx_word' id='word_1_189' title='bbox 380 2955 412 3002; x_wconf 82' lang='lat'><strong><em>16</em></strong></span> <span class='ocrx_word' id='word_1_190' title='bbox 422 2949 539 3020; x_wconf 77' lang='lat' dir='ltr'><strong>Bekker‚</strong></span> <span class='ocrx_word' id='word_1_191' title='bbox 554 2950 627 3004; x_wconf 83' lang='lat' dir='ltr'>Rose</span> <span class='ocrx_word' id='word_1_192' title='bbox 637 2949 722 3005; x_wconf 72' lang='lat' dir='ltr'><strong><em>Axist.</em></strong></span> <span class='ocrx_word' id='word_1_193' title='bbox 730 2950 865 3021; x_wconf 84' lang='lat' dir='ltr'>Pseudep.</span> <span class='ocrx_word' id='word_1_194' title='bbox 875 2949 901 3003; x_wconf 90' lang='lat' dir='ltr'><strong><em>fr</em></strong></span> <span class='ocrx_word' id='word_1_195' title='bbox 922 2956 979 3019; x_wconf 76' lang='lat'>.79‚</span> <span class='ocrx_word' id='word_1_196' title='bbox 991 2949 1025 3004; x_wconf 86' lang='lat' dir='ltr'><strong><em>cf.</em></strong></span> <span class='ocrx_word' id='word_1_197' title='bbox 1033 2950 1151 3005; x_wconf 76' lang='lat' dir='ltr'><strong><em>A.E1ter</em></strong></span> <span class='ocrx_word' id='word_1_198' title='bbox 1159 2968 1252 3021; x_wconf 84' lang='lat' dir='ltr'>progr.</span> 
     </span>
     <span class='ocr_line' id='line_1_26' title="bbox 245 2969 1253 3091; baseline -0.002 -15"><span class='ocrx_word' id='word_1_199' title='bbox 245 3023 332 3076; x_wconf 87' lang='lat' dir='ltr'>Bonn.</span> <span class='ocrx_word' id='word_1_200' title='bbox 345 3026 413 3074; x_wconf 87' lang='grc'>1893</span> <span class='ocrx_word' id='word_1_201' title='bbox 427 3019 457 3073; x_wconf 88' lang='lat' dir='ltr'><strong><em>in</em></strong></span> <span class='ocrx_word' id='word_1_202' title='bbox 470 3036 551 3075; x_wconf 85' lang='lat' dir='ltr'><strong>mem.</strong></span> <span class='ocrx_word' id='word_1_203' title='bbox 561 3020 635 3075; x_wconf 81' lang='lat' dir='ltr'>Frid.</span> <span class='ocrx_word' id='word_1_204' title='bbox 647 3020 720 3076; x_wconf 85' lang='lat' dir='ltr'><strong>Guil.</strong></span> <span class='ocrx_word' id='word_1_205' title='bbox 730 3021 776 3076; x_wconf 81' lang='lat' dir='ltr'><strong><em>m.</em></strong></span> <span class='ocrx_word' id='word_1_206' title='bbox 796 2969 922 3076; x_wconf 49' lang='lat' dir='ltr'><strong>Gnomof.</strong></span> <span class='ocrx_word' id='word_1_207' title='bbox 932 3022 970 3075; x_wconf 89' lang='lat' dir='ltr'><strong><em>HI</em></strong></span> <span class='ocrx_word' id='word_1_208' title='bbox 983 3040 1009 3091; x_wconf 88' lang='lat' dir='ltr'><strong><em>p.</em></strong></span> <span class='ocrx_word' id='word_1_209' title='bbox 1022 3027 1072 3074; x_wconf 88' lang='grc'><strong><em>119</em></strong></span> <span class='ocrx_word' id='word_1_210' title='bbox 1124 3027 1156 3075; x_wconf 80' lang='lat'><strong><em>15</em></strong></span> <span class='ocrx_word' id='word_1_211' title='bbox 1171 3019 1253 3074; x_wconf 82' lang='lat' dir='ltr'>Euri-</span> 
     </span>
     <span class='ocr_line' id='line_1_27' title="bbox 242 3091 559 3164; baseline -0.006 -17"><span class='ocrx_word' id='word_1_212' title='bbox 242 3093 322 3164; x_wconf 83' lang='lat' dir='ltr'>pides</span> <span class='ocrx_word' id='word_1_213' title='bbox 340 3092 373 3145; x_wconf 87' lang='lat' dir='ltr'><strong><em>fr.</em></strong></span> <span class='ocrx_word' id='word_1_214' title='bbox 389 3097 440 3148; x_wconf 87' lang='grc'><strong><em>942</em></strong></span> <span class='ocrx_word' id='word_1_215' title='bbox 458 3091 559 3146; x_wconf 79' lang='lat' dir='ltr'><strong>Nauck</strong></span> 
     </span>
    </p>
   </div>
   <div class='ocr_carea' id='block_1_5' title="bbox 244 3265 1312 3697">
    <p class='ocr_par' dir='ltr' id='par_1_8' title="bbox 244 3265 1312 3697">
     <span class='ocr_line' id='line_1_28' title="bbox 314 3265 1256 3339; baseline -0.002 -15"><span class='ocrx_word' id='word_1_216' title='bbox 314 3289 338 3324; x_wconf 87' lang='lat' dir='ltr'><strong><em>v.</em></strong></span> <span class='ocrx_word' id='word_1_217' title='bbox 360 3276 373 3323; x_wconf 94' lang='lat'>1</span> <span class='ocrx_word' id='word_1_218' title='bbox 394 3268 421 3323; x_wconf 80' lang='grc' dir='ltr'><strong><em>ολ</em></strong></span> <span class='ocrx_word' id='word_1_219' title='bbox 445 3265 563 3338; x_wconf 73' lang='grc' dir='ltr'><strong><em>ὁωμαῑοι</em></strong></span> <span class='ocrx_word' id='word_1_220' title='bbox 586 3267 673 3338; x_wconf 68' lang='grc' dir='ltr'><strong><em>μηδὲν</em></strong></span> <span class='ocrx_word' id='word_1_221' title='bbox 691 3270 723 3323; x_wconf 89' lang='lat' dir='ltr'><em>X</em></span> <span class='ocrx_word' id='word_1_222' title='bbox 799 3276 816 3323; x_wconf 86' lang='lat'>4</span> <span class='ocrx_word' id='word_1_223' title='bbox 835 3271 969 3339; x_wconf 73' lang='grc' dir='ltr'><strong><em>δῆλον-</em></strong></span> <span class='ocrx_word' id='word_1_224' title='bbox 984 3275 1016 3323; x_wconf 92' lang='grc'><strong><em>12</em></strong></span> <span class='ocrx_word' id='word_1_225' title='bbox 1036 3266 1134 3323; x_wconf 79' lang='grc' dir='ltr'><strong><em>ἀδικία</em></strong></span> <span class='ocrx_word' id='word_1_226' title='bbox 1153 3268 1256 3322; x_wconf 67' lang='lat' dir='ltr'><strong>desunt</strong></span> 
     </span>
     <span class='ocr_line' id='line_1_29' title="bbox 244 3323 1251 3410; baseline -0.001 -16"><span class='ocrx_word' id='word_1_227' title='bbox 244 3341 276 3394; x_wconf 91' lang='lat' dir='ltr'><em>X</em></span> <span class='ocrx_word' id='word_1_228' title='bbox 347 3347 380 3394; x_wconf 89' lang='grc'><strong><em>12</em></strong></span> <span class='ocrx_word' id='word_1_229' title='bbox 399 3340 426 3394; x_wconf 82' lang='grc' dir='ltr'><strong><em>οἱ</em></strong></span> <span class='ocrx_word' id='word_1_230' title='bbox 440 3339 490 3409; x_wconf 73' lang='grc' dir='ltr'><strong><em>μὲν</em></strong></span> <span class='ocrx_word' id='word_1_231' title='bbox 504 3335 555 3394; x_wconf 85' lang='grc' dir='ltr'><strong><em>ούν</em></strong></span> <span class='ocrx_word' id='word_1_232' title='bbox 568 3340 639 3408; x_wconf 86' lang='grc' dir='ltr'><strong><em>πρὸς</em></strong></span> <span class='ocrx_word' id='word_1_233' title='bbox 652 3341 683 3394; x_wconf 90' lang='grc' dir='ltr'><em>Χ</em></span> <span class='ocrx_word' id='word_1_234' title='bbox 696 3341 816 3410; x_wconf 83' lang='grc' dir='ltr'><strong><em>(εἰμενὸν</em></strong></span> <span class='ocrx_word' id='word_1_235' title='bbox 830 3340 857 3394; x_wconf 84' lang='grc' dir='ltr'><strong><em>ολ</em></strong></span> <span class='ocrx_word' id='word_1_236' title='bbox 867 3343 904 3410; x_wconf 88' lang='lat' dir='ltr'><strong><em>A)</em></strong></span> <span class='ocrx_word' id='word_1_237' title='bbox 978 3346 1011 3394; x_wconf 88' lang='grc'><strong><em>14</em></strong></span> <span class='ocrx_word' id='word_1_238' title='bbox 1028 3323 1199 3395; x_wconf 82' lang='grc' dir='ltr'><strong><em>σαλευύντων</em></strong></span> <span class='ocrx_word' id='word_1_239' title='bbox 1213 3340 1251 3410; x_wconf 83' lang='grc' dir='ltr'><strong><em>Α,</em></strong></span> 
     </span>
     <span class='ocr_line' id='line_1_30' title="bbox 245 3409 1255 3482; baseline -0.001 -17"><span class='ocrx_word' id='word_1_240' title='bbox 245 3418 279 3465; x_wconf 78' lang='grc'><strong><em>15</em></strong></span> <span class='ocrx_word' id='word_1_241' title='bbox 298 3410 382 3466; x_wconf 75' lang='grc' dir='ltr'><strong><em>οὐδὲν</em></strong></span> <span class='ocrx_word' id='word_1_242' title='bbox 396 3443 430 3452; x_wconf 95' lang='lat'><strong><em>—-</em></strong></span> <span class='ocrx_word' id='word_1_243' title='bbox 446 3417 479 3466; x_wconf 91' lang='lat'><strong><em>18</em></strong></span> <span class='ocrx_word' id='word_1_244' title='bbox 498 3411 585 3474; x_wconf 80' lang='grc' dir='ltr'><strong><em>θεοὺς</em></strong></span> <span class='ocrx_word' id='word_1_245' title='bbox 603 3411 680 3466; x_wconf 76' lang='lat' dir='ltr'><strong>omis,</strong></span> <span class='ocrx_word' id='word_1_246' title='bbox 701 3413 732 3465; x_wconf 93' lang='lat' dir='ltr'>X</span> <span class='ocrx_word' id='word_1_247' title='bbox 804 3418 836 3466; x_wconf 89' lang='grc'><strong><em>19</em></strong></span> <span class='ocrx_word' id='word_1_248' title='bbox 856 3412 880 3465; x_wconf 85' lang='grc' dir='ltr'><strong><em>εί</em></strong></span> <span class='ocrx_word' id='word_1_249' title='bbox 900 3410 1016 3482; x_wconf 77' lang='grc' dir='ltr'><strong><em>μὲνγὰρ</em></strong></span> <span class='ocrx_word' id='word_1_250' title='bbox 1033 3411 1101 3481; x_wconf 89' lang='grc' dir='ltr'><strong><em>τύχη</em></strong></span> <span class='ocrx_word' id='word_1_251' title='bbox 1117 3409 1255 3480; x_wconf 73' lang='grc' dir='ltr'><strong><em>ἐστίίέστί</em></strong></span> 
     </span>
     <span class='ocr_line' id='line_1_31' title="bbox 245 3480 1252 3553; baseline -0.001 -17"><span class='ocrx_word' id='word_1_252' title='bbox 245 3481 323 3536; x_wconf 83' lang='lat' dir='ltr'>omis.</span> <span class='ocrx_word' id='word_1_253' title='bbox 339 3482 446 3552; x_wconf 84' lang='lat' dir='ltr'><em>B)XS,</em></span> <span class='ocrx_word' id='word_1_254' title='bbox 465 3498 537 3552; x_wconf 81' lang='lat' dir='ltr'><strong>quae</strong></span> <span class='ocrx_word' id='word_1_255' title='bbox 551 3483 711 3553; x_wconf 78' lang='lat' dir='ltr'>transposui</span> <span class='ocrx_word' id='word_1_256' title='bbox 782 3489 816 3537; x_wconf 89' lang='grc'><strong><em>20</em></strong></span> <span class='ocrx_word' id='word_1_257' title='bbox 835 3483 860 3536; x_wconf 84' lang='grc' dir='ltr'><strong><em>εἰ</em></strong></span> <span class='ocrx_word' id='word_1_258' title='bbox 874 3480 905 3538; x_wconf 72' lang='grc' dir='ltr'><strong><em>δὲ</em></strong></span> <span class='ocrx_word' id='word_1_259' title='bbox 919 3484 988 3546; x_wconf 86' lang='grc' dir='ltr'><strong><em>θεὸς</em></strong></span> <span class='ocrx_word' id='word_1_260' title='bbox 1002 3481 1096 3537; x_wconf 86' lang='grc' dir='ltr'><strong><em>σθένει</em></strong></span> <span class='ocrx_word' id='word_1_261' title='bbox 1111 3483 1142 3536; x_wconf 92' lang='grc' dir='ltr'>Χ</span> <span class='ocrx_word' id='word_1_262' title='bbox 1157 3485 1161 3551; x_wconf 81' lang='grc' dir='ltr'>Ι</span> <span class='ocrx_word' id='word_1_263' title='bbox 1176 3482 1252 3552; x_wconf 83' lang='grc' dir='ltr'><strong><em>τύχη.</em></strong></span> 
     </span>
     <span class='ocr_line' id='line_1_32' title="bbox 245 3552 1312 3626; baseline -0.001 -19"><span class='ocrx_word' id='word_1_264' title='bbox 245 3555 297 3607; x_wconf 75' lang='lat' dir='ltr'>cet.</span> <span class='ocrx_word' id='word_1_265' title='bbox 318 3553 417 3608; x_wconf 57' lang='lat' dir='ltr'><strong><em>deas</em></strong></span> <span class='ocrx_word' id='word_1_266' title='bbox 486 3560 519 3608; x_wconf 90' lang='grc'><strong><em>21</em></strong></span> <span class='ocrx_word' id='word_1_267' title='bbox 539 3554 633 3626; x_wconf 86' lang='grc' dir='ltr'><strong><em>τύχης]</em></strong></span> <span class='ocrx_word' id='word_1_268' title='bbox 653 3555 746 3625; x_wconf 83' lang='grc' dir='ltr'><strong><em>ψύχης</em></strong></span> <span class='ocrx_word' id='word_1_269' title='bbox 764 3555 800 3622; x_wconf 86' lang='lat' dir='ltr'><strong><em>A,</em></strong></span> <span class='ocrx_word' id='word_1_270' title='bbox 822 3554 906 3624; x_wconf 86' lang='grc' dir='ltr'><strong><em>τύχης</em></strong></span> <span class='ocrx_word' id='word_1_271' title='bbox 924 3556 962 3626; x_wconf 76' lang='lat' dir='ltr'><strong><em>A²</em></strong></span> <span class='ocrx_word' id='word_1_272' title='bbox 983 3571 1070 3623; x_wconf 78' lang='lat' dir='ltr'><strong>marg.</strong></span> <span class='ocrx_word' id='word_1_273' title='bbox 1144 3560 1177 3607; x_wconf 87' lang='grc'><strong><em>22</em></strong></span> <span class='ocrx_word' id='word_1_274' title='bbox 1196 3552 1255 3618; x_wconf 78' lang='grc' dir='ltr'><strong><em>ἐξο-</em></strong></span> <span class='ocrx_word' id='word_1_275' title='bbox 1309 3611 1312 3617; x_wconf 57' lang='grc'><strong><em>,</em></strong></span> 
     </span>
     <span class='ocr_line' id='line_1_33' title="bbox 246 3625 593 3697; baseline 0.009 -20"><span class='ocrx_word' id='word_1_276' title='bbox 246 3626 390 3693; x_wconf 81' lang='grc' dir='ltr'><strong><em>μειοῦσθαι</em></strong></span> <span class='ocrx_word' id='word_1_277' title='bbox 407 3625 444 3692; x_wconf 90' lang='lat' dir='ltr'><strong><em>A,</em></strong></span> <span class='ocrx_word' id='word_1_278' title='bbox 464 3642 531 3679; x_wconf 82' lang='lat' dir='ltr'>corr.</span> <span class='ocrx_word' id='word_1_279' title='bbox 550 3627 593 3697; x_wconf 83' lang='lat' dir='ltr'><strong><em>A,</em></strong></span> 
     </span>
    </p>
   </div>
   <div class='ocr_carea' id='block_1_6' title="bbox 0 0 1414 4214">
    <p class='ocr_par' dir='ltr' id='par_1_9' title="bbox 0 0 1414 4214">
     <span class='ocr_line' id='line_1_34' title="bbox 0 0 1414 4214; baseline 0 0"><span class='ocrx_word' id='word_1_280' title='bbox 0 0 1414 4214; x_wconf 95' lang='lat' dir='ltr'><strong><em> </em></strong></span> 
     </span>
    </p>
   </div>
  </div>
 </body>
</html>
