2760 4234
258 300 323 364 130
538 297 646 351 LIBER
665 295 840 362 QUARTUS.
867 297 979 351 MAIUS

214 471 241 526 X
255 485 363 547 τερος,
395 460 413 526 ὁ
447 456 484 525 δί
515 459 641 542 ἀληθὴς
669 459 768 535 αὐτὸς
796 457 900 546 ἑαυτῷ
928 458 963 524 έκ
989 461 1123 525 πάντων
1152 473 1263 545 μερῶν

257 563 343 652 ἰσος,
381 567 465 632 ὅπου
502 562 539 631 δί
576 563 750 651 στρέφοιτο
781 566 901 642 πάσαις
933 567 1069 650 βάσεσιν
1101 565 1261 651 ἀορίστως

256 677 451 760 στηρίζεται,
484 671 502 737 ὃ
534 673 576 754 δὴ
607 672 848 757 τετραγωνικὸν
879 681 986 758 σχῆμα
1019 672 1182 756 τυγχάνει.
1233 674 1262 736 εἰ

255 783 371 845 τοίνυν
393 787 473 854 νοῦς
495 777 549 843 καί
568 780 666 860 λόγος
685 773 770 843 εἶναι
790 775 962 862 δέδεικται,
984 779 1090 864 τούτῳ
1111 779 1171 844 τὸν
1188 778 1263 864 κέρ-

229 908 347 952 ικωπα
370 887 645 951 εἰδωλοποιοῦσιν
667 885 859 968 Αἰγύπτιοι,
888 882 959 949 έπεί
980 886 1070 970 παρὰ
1091 885 1198 949 πάντα
1220 886 1261 950 τά

255 995 319 1072 ζῶα
341 995 474 1076 νοημων
495 991 661 1076 τυγχάνει,
684 988 846 1068 συνέσεως
869 987 906 1055 δὲ
924 989 978 1056 καί
997 990 1173 1075 ἐπιστήμης
1192 989 1262 1055 ἐστὶ

255 1099 411 1174 δεκτικός.
447 1097 530 1164 ἀλλά
543 1098 609 1182 μὴν
622 1094 677 1162 καί
695 1098 756 1179 τὴν
769 1098 957 1179 Αἰγυπτίαν
977 1092 1055 1181 ἶβιν,
1074 1098 1111 1161 τὸ
1131 1099 1264 1182 ὄρνεον,

256 1209 351 1288 ἰσμεν
374 1202 591 1288 ἀνακειμένην
613 1203 714 1292 αὐτῷ·
741 1204 862 1290 καρδίᾳ
888 1205 952 1290 γάρ
981 1206 1067 1269 ἔοικε
1092 1206 1261 1269 λευκαινό-

255 1333 357 1394 μενον
379 1307 440 1395 μὲν
462 1313 498 1376 τὸ
519 1321 620 1394 σῶμα,
643 1308 676 1388 ἐξ
695 1309 821 1394 ἀμφοῖν
839 1305 876 1375 δὲ
897 1320 964 1374 τῶν
982 1321 1091 1395 μερῶν
1109 1315 1261 1394 μελαινο-

215 1442 241 1481 10
255 1415 347 1501 μένη,
370 1417 450 1503 ὅπερ
474 1415 542 1482 ἐστί
565 1425 625 1481 τοῦ
645 1418 726 1481 κατά
745 1417 898 1481 διάνοιαν
916 1419 1019 1499 λόγου
1039 1426 1157 1500 σχῆμα·
1180 1413 1264 1502 πρίν

255 1520 316 1608 μὲν
334 1524 396 1609 γδρ
416 1529 576 1608 λεχθῆναι
595 1524 733 1606 σκότιος,
756 1525 931 1606 λεγόμενος
950 1519 987 1587 δὲ
1006 1526 1188 1607 φωτίζεται,
1206 1521 1262 1586 καί

256 1627 371 1715 ῥηθεὶς
394 1631 440 1704 εἰς
463 1625 587 1712 ἀφανὲς
610 1634 740 1713 οἰχεται.
776 1627 928 1713 τρέφεται
951 1625 989 1693 δὲ
1011 1629 1047 1694 τὸ
1071 1632 1155 1708 ζῶον
1172 1630 1263 1714 παρά

255 1745 324 1811 τοῖς
345 1734 460 1817 ὕδασι,
487 1736 636 1820 καθάπερ
661 1733 698 1798 έν
720 1734 799 1818 ἡμῖν
821 1734 841 1817 ἡ
866 1736 986 1820 καρδία
1014 1734 1046 1812 ἐξ
1073 1735 1178 1820 ὑγρᾶς
1205 1735 1261 1799 οὐ-

201 1850 252 1904 XS
267 1844 340 1917 σίας
362 1843 422 1924 τὴν
444 1841 589 1923 δύναμιν
610 1840 782 1923 λαμβάνει·
805 1842 889 1924 μάνη
913 1837 951 1905 δέ
973 1851 1107 1923 πτηνῶν
1126 1841 1265 1905 πάντων

215 1971 241 2011 15
255 1956 327 2012 νεῖν
348 1946 369 2029 ἡ
394 1941 458 2030 ἶβις
481 1945 541 2010 οὐκ
565 1945 743 2029 ἐπίσταται,
771 1944 993 2031 ἀδρανεστάτη
1019 1942 1057 2010 δὲ
1080 1948 1127 2023 εἰς
1150 1950 1262 2031 μεῖζον

215 2061 241 2114 Χ
255 2053 361 2136 βάθος
383 2049 617 2136 καθελκομένη.
662 2053 699 2117 τὸ
723 2049 752 2116 δ’
780 2052 860 2117 αὐτὸ
887 2049 941 2116 καί
965 2050 1019 2117 ἐπὶ
1043 2062 1102 2136 τῆς
1122 2054 1264 2138 καρδίας

254 2156 513 2243 παρατηρητέον·
531 2166 588 2241 τῆς
605 2159 668 2244 γάρ
687 2158 791 2244 ὑγρᾶς
805 2161 931 2235 πόσεως
949 2157 1141 2244 συμμέτρως
1158 2177 1263 2244 κροσ-

254 2267 412 2349 αχθείσης
435 2264 633 2351 ρώνννσθαί
652 2287 687 2329 τε
709 2263 764 2329 καί
789 2275 858 2341 τοῖς
884 2271 1053 2350 λογισμοῖς
1078 2267 1263 2352 διεστηρίχ-

254 2377 315 2435 θαι
337 2370 477 2456 πέφυκε,
500 2369 554 2436 καί
577 2379 635 2455 τῆς
657 2367 718 2454 μὲν
741 2373 863 2448 οἰκείας
885 2370 997 2458 ἕδρας,
1024 2372 1127 2458 ἤνπερ
1152 2375 1259 2458 φρένα

214 2501 241 2542 ιο
253 2481 423 2560 καλοῦσιν,
448 2475 509 2541 οὐκ
532 2475 723 2555 ἐξίστασθαι
745 2475 915 2561 νηφαλέαν
936 2501 971 2543 τε
995 2473 1091 2562 εἰναι,
1112 2477 1261 2561 ὑποβλυ-

255 2589 395 2647 σθεῖσαν
418 2578 454 2647 δί
476 2593 546 2659 τοῖς
567 2572 708 2668 παλμοῖς
728 2584 787 2648 τὸν
806 2584 894 2648 ἰδιον
913 2584 1015 2649 σάλον
1034 2581 1076 2648 δι’
1100 2584 1181 2649 ὅλου
1198 2593 1262 2649 τοῦ

254 2689 403 2772 σώματος
427 2686 664 2773 ἐξεργάζεσθαι.
700 2689 864 2773 πάσχουσι
887 2685 1048 2755 δὲταῦτα
1071 2690 1135 2755 ὑπὸ
1154 2689 1260 2774 μέθης

255 2795 429 2879 ἅνθρωποι
443 2795 502 2858 τὸν
521 2795 664 2880 ἀκρατον
677 2801 735 2878 τῆς
754 2796 840 2871 ἰδίας
857 2796 969 2879 ἰσχύος
982 2799 1262 2883 προτετιμηκότες.

254 2897 309 2964 καί
337 2900 398 2983 την
430 2894 498 2983 ἰβιν
525 2897 563 2965 δὲ
591 2898 646 2966 καὶ
677 2901 737 2965 τὸν
765 2899 915 2985 κέρκωπα
949 2905 1067 2989 σελήνη
1100 2910 1258 2987 συμπαθῆ

214 3031 241 3073 τι
255 3000 340 3072 εἰναι
362 3010 607 3092 προσείκασται·
635 3003 739 3092 ἡμὲν
767 3001 832 3092 ἶβις
854 3007 943 3096 αὐτῷ
969 3017 1015 3096 τῶ
1043 3013 1181 3094 σχήματι
1205 3009 1259 3093 ἐμ-

255 3115 367 3199 φερής,
390 3114 429 3177 τά
452 3113 535 3198 ἀκρα
558 3109 618 3197 μὲν
641 3113 893 3198 ὀμιχλαίνονσα,
917 3117 1136 3180 λενκαίνονσα
1159 3110 1196 3179 δὲ
1218 3117 1259 3179 τά

324 3380 380 3430 v.2
400 3372 530 3444 ἀορίστου
547 3376 575 3431 Β
648 3377 730 3430 6καί
748 3375 826 3430 omis.
845 3377 873 3430 A
945 3381 978 3430 14
997 3374 1038 3430 ὅτι
1057 3373 1127 3446 μόνη
1147 3385 1260 3447 πτηνῶν

252 3443 368 3501 πάντων
386 3456 445 3502 νεῖν
463 3446 481 3517 ἡ
501 3446 556 3518 ἰβις
574 3447 624 3502 οάκ
644 3444 795 3516 ἐπίσταται,
818 3445 909 3502 καίτοι
927 3446 1005 3516 παρὰ
1022 3457 1080 3510 τοῖς
1098 3446 1180 3502 ὕδασι
1198 3465 1259 3516 τρε-

253 3514 371 3641 ἀομέέἰ
390 3515 585 3645 &amesa
599 3517 630 3573 δὲ
649 3517 1113 3663 εἰιίίίἷοίιβιαίιίιίαέιίἰῖίέάη
1133 3521 1189 3643 0θά
1200 3518 1257 3644 (ἰῗά

251 3664 311 3720 τοῖς
329 3608 447 3728 παλνμίἰίς
460 3661 498 3730 X,
517 3658 548 3716 δὲ
565 3609 682 3731 μάονίιάἰ
700 3662 806 3716 emend.
825 3611 951 3716 Hasius²²
999 3667 1033 3716 23
1051 3661 1112 3734 τὸν]
1130 3660 1161 3715 τὸ
1181 3660 1209 3714 Β
