2788 4222
573 301 777 358 PRAEFATIO
1074 303 1178 358 XXVII

166 466 300 543 proxime
322 468 449 543 accedit,
471 468 529 528 nisi
552 469 632 545 quod
654 469 832 546 simpliciore
855 470 946 529 etiam
968 471 1056 531 modo
1080 473 1178 531 ortum

166 573 229 615 esse
253 555 361 632 Splinii
382 575 490 617 nomen
512 558 584 634 ipsis
607 558 756 618 codicibus
778 559 1004 619 demonstratur.
1043 561 1121 636 quod
1143 563 1178 619 ut

166 644 331 720 probemus,
354 645 393 704 ad
416 646 541 705 alteram
563 646 644 706 illius
662 649 809 707 mactatus
826 649 1025 708 recensionem
1039 667 1057 708 a
1070 650 1177 707 Krum·

166 733 292 793 bachero
315 733 499 810 distinctam,
529 754 620 812 quam
642 735 738 795 adhuc
766 736 961 814 negleximus,
991 739 1178 798 transeamus

166 839 282 881 necesse
297 825 354 882 est:
374 822 422 882 cui
439 823 547 883 addere
563 824 649 884 iuvat
667 823 796 884 codicem
809 824 1056 885 Monacensem
1074 845 1176 904 grac-

167 928 243 969 cum
257 911 319 972 551
340 911 528 972 chartaceum
542 931 563 971 s.
577 912 641 989 XV,
664 931 753 989 quem
770 913 802 971 in
824 932 911 973 usum
933 933 1031 974 meum
1049 914 1176 992 benigne

164 999 295 1075 inspexit
321 1000 374 1059 Th.
397 999 515 1078 Preger.
539 1003 642 1060 extant
668 1001 711 1060 ibi
738 1019 786 1078 ea,
814 1001 851 1062 de
875 1002 981 1079 quibus
1005 1021 1100 1064 sermo
1122 1006 1177 1081 est,

165 1087 185 1145 f.
211 1090 270 1149 59²
294 1091 324 1146 et
345 1088 505 1165 incipiunt:
525 1081 665 1150 Ἰωάννου
687 1098 741 1150 τοῦ
762 1089 878 1151 Λυδοῦ.
916 1091 947 1152 οἱ
966 1089 1021 1168 τὴν
1044 1090 1176 1169 φυσικὴν

166 1176 298 1256 ἱστορίαν
320 1176 548 1258 συγγράφοντες,
574 1175 683 1255 κόσμος
711 1175 743 1238 δὲ
772 1177 871 1239 αὐτῶν
893 1176 910 1239 ὀ
932 1179 1061 1261 pumice
1084 1179 1177 1258 σπλή-

165 1285 244 1342 νιος,
276 1262 350 1342 φασὶ
381 1264 412 1326 τὸ
441 1264 554 1345 σπέρμα
579 1265 835 1346 καταβαλλόμενον
867 1263 901 1328 ἐν
931 1277 967 1352 τῇ
999 1266 1093 1351 μήτρα
1115 1272 1175 1330 art.

165 1354 335 1413 restituitur
362 1354 409 1414 his
435 1354 533 1414 verbis
563 1356 684 1414 initium
712 1356 794 1416 illius
823 1356 1002 1416 recensionis
1032 1357 1071 1416 ad
1098 1357 1177 1417 hunc

167 1441 246 1500 diem
282 1445 453 1519 corruptum
490 1435 613 1524 (κόσμος
650 1440 682 1504 δὲ
717 1443 815 1505 αὐτῶν
847 1441 994 1524 ὁρώμενος
1025 1443 1103 1522 πλὴν
1135 1441 1176 1516 ὡς

164 1529 366 1590 Krumbacher
387 1552 415 1608 p.
436 1525 524 1612 352),
547 1535 578 1592 et
595 1532 770 1607 ostenditur,
791 1533 823 1592 in
840 1533 919 1611 Lydi
937 1533 1084 1594 codicibus
1103 1534 1177 1593 olim

167 1618 258 1678 Plinii
280 1637 388 1680 nomen
409 1619 442 1680 in
463 1620 529 1696 ipso
550 1621 709 1681 verborum
730 1625 870 1682 wntextu
893 1621 1025 1682 extitisse
1049 1626 1079 1682 et
1100 1623 1177 1682 vitio

165 1727 256 1784 quam
284 1708 434 1768 levissimo
462 1701 872 1786 (Putmstoccnarttdoc
901 1729 955 1787 pro
984 1707 1175 1796 ΡωΜΑΙΟ(

165 1793 356 1876 ΠΛΗΝΙΟΕ)
379 1797 411 1856 in
435 1797 542 1875 Splinii
568 1798 691 1873 abiisse,
725 1797 805 1875 quod
826 1802 931 1876 postea
957 1801 988 1858 in
1010 1801 1177 1877 marginem

164 1886 300 1961 pervenit
318 1885 418 1962 ibique
435 1885 467 1944 in
485 1886 577 1946 variis
596 1887 744 1947 codicibus
762 1889 844 1948 varie
862 1889 1034 1948 mutilatum
1051 1890 1104 1949 est.
1138 1907 1174 1949 eo

166 1977 279 2050 autem,
312 1975 390 2051 quod
421 1973 453 2033 in
480 1976 613 2053 margine
640 1975 718 2053 Lydi
749 1977 878 2037 auctoris
908 1996 1015 2038 nomen
1045 1977 1176 2038 servavit

165 2062 256 2123 codex
278 2063 462 2123 Monacensis
486 2081 609 2141 graecus
633 2066 710 2140 551,
732 2083 804 2141 prae
826 2066 962 2142 reliquis,
991 2066 1042 2142 qui
1065 2067 1174 2126 omisso

164 2151 216 2210 illo
241 2151 389 2228 Splinium
412 2152 468 2211 sibi
490 2152 646 2228 finxerunt,
669 2154 819 2231 integrum
841 2171 872 2214 se
895 2172 958 2214 esse
981 2155 1173 2214 demonstrat.

165 2240 212 2298 cui
242 2239 419 2316 expositioni
448 2241 556 2300 addere
585 2241 686 2318 liceat,
715 2241 884 2301 Parisinum
911 2249 1050 2320 graccum
1078 2246 1173 2319 2610,
1263 2277 1266 2284 ,

165 2345 254 2404 quem
275 2329 363 2400 huius
385 2329 564 2390 recensionis
586 2330 751 2406 principem
769 2349 832 2390 esse
849 2331 945 2392 voluit
963 2331 1174 2407 Krumbacher,

165 2417 296 2477 desinere
323 2418 355 2476 in
381 2417 479 2478 verbis
505 2415 707 2498 ἐπιγινώσκειν
739 2416 848 2499 μητέρα
874 2414 917 2498 (p.
942 2421 993 2496 85,
1013 2412 1078 2502 22),
1106 2437 1174 2479 cum

166 2521 184 2565 a
215 2506 385 2567 Monacensi
420 2505 539 2584 integra
570 2507 744 2568 exhibeatur
773 2508 978 2587 paragraphus
1009 2526 1103 2585 usque
1135 2508 1174 2568 ad

164 2614 192 2670 p.
216 2596 318 2670 86,ss
352 2591 631 2674 ἒιιιμιμνησκόμενοι
664 2593 924 2675 (ἔπιμνησκόμενοι
945 2589 1050 2678 Mon).
1096 2615 1173 2674 quae

164 2700 232 2742 cnm
253 2683 299 2744 ita
321 2683 389 2759 sint,
412 2684 618 2744 Monacensem
639 2703 693 2761 pro
717 2686 830 2762 optimo
858 2686 904 2746 sui
931 2688 1047 2764 generis
1074 2687 1175 2746 codice

163 2771 272 2832 habere
295 2772 366 2832 licet
387 2773 523 2850 neglecto
545 2773 689 2834 Parisino.

229 2861 295 2920 Iam
316 2879 396 2935 vero,
419 2861 445 2920 si
467 2862 591 2922 alterius
609 2862 698 2922 huius
715 2862 894 2924 recensionis
912 2863 1004 2922 verba
1021 2881 1175 2940 compara·

164 2968 230 3009 mus
260 2969 328 3008 cum
356 2949 409 3023 iis,
440 2968 515 3025 quae
537 2950 590 3026 IV,
601 2952 641 3010 26
671 2953 855 3011 restituimus
885 2951 1066 3029 eLydianis
1096 2952 1173 3011 codi-

164 3039 245 3098 cibus
263 3038 326 3114 XS,
350 3037 454 3098 statim
470 3038 646 3111 videbimus,
663 3032 828 3100 consentire
846 3041 931 3099 illam
950 3060 1068 3117 quoque
1084 3040 1173 3116 plane

163 3147 230 3187 cum
244 3145 287 3204 eo,
303 3127 355 3203 qui
369 3127 518 3204 quondam
531 3128 641 3206 integri
653 3128 722 3188 libri
736 3129 803 3204 firit,
821 3132 973 3189 contextu:
992 3130 1064 3205 quin
1082 3128 1179 3187 etiam

164 3216 201 3276 ab
215 3217 271 3275 huo
286 3216 451 3276 orationem
465 3235 556 3292 quam
566 3221 675 3278 vocant
687 3217 863 3277 indirectam
876 3220 1025 3278 serratam
1038 3216 1172 3275 videmus

163 3323 226 3364 esse
248 3307 283 3363 ut
304 3304 391 3366 initio
410 3306 601 3384 paragraphi,
623 3325 651 3383 p.
667 3307 859 3382 84,16-18
879 3309 910 3365 et
926 3326 954 3382 p.
971 3306 1173 3379 85,18--22,

161 3392 213 3452 ubi
237 3393 458 3453 emundatorum
481 3413 589 3453 nexum
612 3396 743 3456 mutarit
767 3394 898 3455 recensio
924 3395 1027 3453 altera.
1071 3395 1173 3451 tamen

162 3482 200 3541 ab
228 3481 302 3557 ipsis
332 3481 486 3541 Laurentii
515 3483 627 3558 verbis,
661 3484 763 3559 qualia
790 3483 930 3544 restituta
960 3484 1044 3556 sunt,
1076 3482 1172 3542 tribus

161 3569 234 3630 locis
264 3570 320 3630 hoo
349 3570 483 3631 codicum
510 3589 602 3648 genus
629 3570 790 3648 discrepat:
818 3572 1047 3631 commemorato
1073 3571 1172 3632 Plinio

165 3663 195 3720 ct
217 3661 287 3736 post
308 3677 337 3735 p.
362 3661 442 3734 85st
466 3656 574 3740 ἄρρενα
596 3659 706 3720 additis
728 3660 787 3722 his:
816 3657 866 3719 aori
892 3659 963 3739 τάχα
984 3658 1059 3740 πρὸς
1080 3658 1174 3740 βραχὺ
