2788 4222
531 331 734 388 PRAEFATIO
1025 331 1138 385 LXXXI

128 505 202 564 ,liam
223 502 374 577 Lydorum
396 500 537 576 mysteria
560 500 731 575 adportasse
756 503 786 559 et
807 502 955 560 Romanos
978 500 1135 576 magistra·

131 596 215 652 tuum
236 590 366 667 insignia
388 589 520 648 docuisse
544 591 761 648 commemorat.
807 590 845 648 ad
867 591 940 648 haec
962 590 1063 648 autom
1085 607 1136 663 op-

131 681 202 740 time
234 680 384 756 quadrant
413 678 581 754 fragmenta
611 696 646 736 ex
674 677 761 737 initio
792 678 862 736 libri
892 677 981 754 primi
1010 680 1135 737 servata.

130 770 258 847 primum
281 767 360 826 enirn
382 766 513 826 omnium
536 765 717 825 advenarum
740 766 901 826 Saturnum
923 765 1044 825 Italiam
1067 766 1136 824 atti-

131 860 207 938 gisse
231 859 348 916 constat
374 856 453 914 inter
474 855 643 913 fabularum
668 855 838 930 scriptores,
866 875 953 931 quem
977 854 1137 914 Saturnum

131 945 307 1024 posteriores
330 963 397 1004 cum
420 944 592 1022 cognomine
615 945 749 1002 votorum
769 944 916 1003 Italorum
938 945 994 1005 deo
1017 943 1138 1003 confim-

132 1036 241 1095 debant
270 1035 454 1108 eundemque
484 1050 546 1091 esse
576 1034 665 1106 atque
696 1031 875 1092 Graecorum
903 1031 1023 1111 Κρόνον
1051 1033 1137 1108 puta·

132 1125 217 1184 bant:
241 1122 317 1181 unde
336 1121 379 1197 fit,
402 1123 436 1179 ut
453 1120 485 1178 in
503 1121 600 1180 fronte
618 1121 687 1178 libri
705 1121 800 1180 nostri
817 1121 1001 1181 inveniamus
1019 1118 1138 1199 Κρόνον

135 1211 241 1292 χρόνον
272 1211 362 1270 deum
394 1212 424 1268 et
452 1241 493 1250 -
521 1209 552 1267 id
584 1209 663 1284 quod
693 1227 812 1268 monere
843 1209 913 1268 licat
942 1241 980 1250 -
1010 1208 1139 1284 primurn

133 1301 240 1362 Italiae
270 1300 428 1371 advenam,
458 1316 476 1355 a
504 1316 562 1373 quo
592 1298 733 1373 temporis
763 1297 882 1356 numine
911 1298 1040 1373 primum
1070 1296 1140 1354 anni

134 1391 305 1466 computum
327 1387 498 1446 institutum
521 1403 583 1444 esse
606 1388 780 1444 narraverat
802 1385 988 1461 Laurentius,
1010 1386 1140 1444 testante

134 1479 220 1537 initio
244 1475 263 1552 ᾖ
283 1477 337 1534 161
361 1471 537 1552 ὃιέμεινεν’
521 1472 580 1534 aab
598 1473 717 1554 Κρόνου
736 1471 790 1546 ἕως
808 1474 925 1546 κτίσεως
940 1431 1050 1552 Ροόμης
1068 1469 1140 1566 111111

136 1565 187 1626 τὸν
210 1564 242 1624 ἐν
265 1562 373 1664 11111111
397 1561 507 1643 δρόμον
528 1559 770 1642 παραφυλαχθεὶς
794 1560 809 1623 ὁ
831 1560 971 1635 ἐνιαυτός

200 1652 359 1729 Reliqua
350 1670 411 1710 ram
435 1653 503 1710 sunt
521 1651 664 1727 planiora.
702 1652 863 1710 Saturnum
882 1653 960 1712 enirn
978 1653 1140 1728 sequeban-

135 1746 186 1804 tur
203 1741 289 1818 Lydi,
312 1741 376 1800 vini
379 1732 428 1822 (ξ
448 1733 482 1822 3)
448 1742 532 1799 3et
549 1740 759 1816 mysteriorum
779 1734 812 1821 (ξ
832 1733 867 1822 4)
885 1741 1066 1802 inventores:
1084 1742 1142 1800 huc

139 1831 233 1908 igitur
264 1829 297 1889 oi
325 1837 384 1890 τῶν
413 1829 527 1888 Λυδῶν
556 1827 662 1888 τελεταὶ
690 1830 872 1907 paragraphi
900 1832 940 1888 37
971 1831 1141 1890 referendae

136 1923 214 1980 sunt,
259 1918 322 1978 vini
345 1921 445 1977 autem
471 1922 502 1976 et
527 1918 729 1978 inventionem
751 1921 781 1976 11
803 1920 951 1978 culturam
976 1920 1142 1979 accuratius

136 2007 299 2084 descriptas
326 2007 416 2066 fuisse
443 2009 534 2066 testes
562 2009 631 2066 sunt
658 2005 677 2082 ξ
702 2009 734 2082 2,
764 2026 825 2082 qua
853 2008 952 2085 agitur
978 2009 1014 2066 de
1041 2007 1142 2067 Liberi

136 2097 231 2174 patris
254 2095 445 2168 satellitibus,
473 2098 503 2154 et
526 2094 545 2171 ξ
565 2098 598 2170 5,
626 2115 702 2171 quae
725 2094 869 2155 Sabinum
896 2115 958 2156 esse
981 2097 1045 2156 volt
1068 2117 1143 2172 curn,

137 2185 191 2262 qui
220 2185 329 2245 severit
357 2185 467 2243 vinum.
514 2183 533 2259 ἓ
558 2185 575 2242 6
606 2183 737 2260 aLydis
768 2185 806 2242 ad
834 2183 961 2244 Graecos
990 2185 1143 2244 transiisse

138 2275 256 2334 videtur
283 2272 474 2331 Laurentius:
503 2273 545 2330 ibi
576 2273 654 2331 enim
680 2273 859 2348 Messapiam
891 2270 948 2333 ἀπὸ
976 2274 1143 2333 Μεσσάποο

137 2363 323 2440 appellatam
345 2379 407 2420 esse
430 2361 511 2436 dicit,
534 2381 625 2437 quam
647 2363 677 2420 et
701 2360 870 2420 Calabriam
891 2365 1012 2438 vocant3
1034 2362 1143 2422 Messa-

137 2473 211 2528 pum
234 2454 334 2510 autem
357 2469 372 2508 e
395 2450 521 2509 Boeotia
543 2450 575 2508 in
597 2450 717 2509 Italiam
739 2451 898 2528 emigrasse
921 2451 1043 2510 tradunt
1065 2453 1144 2511 vete-

138 2534 217 2613 rcs¹3
241 2539 426 2614 similemque
450 2539 486 2598 ob
510 2557 630 2598 causam
651 2539 814 2598 Lucaniam
836 2538 953 2599 laudari
976 2539 995 2615 ἓ
1016 2544 1033 2600 7
1058 2541 1145 2599 facile

137 2627 321 2705 probabitur.
382 2628 570 2704 paragrapho
600 2627 704 2686 deinde
732 2631 838 2688 octava
866 2629 981 2688 aeuitur
1006 2629 1146 2688 Euander

140 2717 242 2791 Arcas,
266 2717 318 2792 qui
360 2716 473 2793 primus
495 2717 613 2775 litteras
635 2717 668 2775 in
685 2717 806 2776 Italiam
829 2721 922 2791 attat:
945 2718 1022 2776 unde
1046 2737 1079 2778 eo
1103 2718 1146 2776 di-

138 2805 274 2883 greditur
300 2804 490 2880 Laurentius,
522 2808 558 2864 ut
584 2823 680 2881 pauca
708 2806 861 2866 nobiscum
888 2806 1083 2866 communicet
1110 2807 1146 2864 do

140 2895 310 2953 litterarum
333 2894 413 2970 apud
430 2895 579 2953 Romanos
600 2894 680 2969 fatis,
701 2914 797 2971 neque
821 2914 888 2954 eurn
911 2895 1086 2954 adscendere
1110 2896 1148 2953 ad

140 2983 310 3041 litterarum
332 2982 535 3041 inventionem
560 2982 656 3060 piget,
685 3003 761 3059 quae
783 2983 977 3043 Phoenicibus
1004 2984 1149 3042 tribuitur

142 3063 178 3152 (ἓ
199 3063 240 3152 9).
279 3070 386 3146 quibus
404 3071 546 3148 expositis
565 3072 603 3130 ad
620 3091 683 3130 11111
700 3072 778 3130 redit
796 3064 871 3148 (ἀλλ’
892 3069 1056 3149 ἕπανίωμεν
1074 3070 1148 3131 ὅθεν

143 3151 353 3240 ἐξεκλίνομεν),
382 3179 457 3236 quae
486 3160 631 3236 quomodo
658 3179 747 3236 porro
774 3161 905 3219 tractata
931 3161 1034 3233 fuerit,
1060 3159 1148 3217 facile

144 3249 243 3309 animo
266 3248 350 3308 nobis
372 3248 483 3326 fingere
506 3267 669 3325 possumus,
692 3249 762 3308 licet
783 3249 913 3325 plurima
932 3247 1149 3307 interciderint:

143 3337 278 3396 Euandri
301 3337 387 3413 enim,
416 3338 468 3413 qui
488 3337 641 3396 Palatium
663 3337 807 3413 condidit,
834 3337 1016 3414 temporibus
1037 3336 1150 3395 Hercu-

218 3486 1149 3569 181111)οΙΧ,405.8111111111.111111111111111101111111,

145 3565 192 3614 12·
213 3559 369 3642 ‘Liciniano
387 3531 482 3628 placet
500 3559 623 3613 aMessa
605 3575 659 3613 1ο
678 3576 779 3642 graeco
797 3557 909 3612 nomino
925 3557 1082 3628 Messapiae
1101 3559 1151 3612 da-

144 3632 206 3684 tam
220 3629 289 3683 ori'
262 3647 364 3700 grn,em
378 3647 488 3684 versam
501 3631 611 3699 postmo
632 3630 719 3684 umin
732 3645 833 3683 nomen
843 3628 1015 3684 Oalabnae
1009 3630 1065 3698 ,11
1075 3629 1151 3684 Festi

143 3649 312 3770 epitomgul
278 3719 305 3770 p.
322 3706 385 3755 121.
410 3700 562 3770 ‘Messapia
580 3700 703 3770 Appulia
723 3701 883 3770 aMossapo
901 3717 966 3770 roge
985 3700 1148 3772 appellata?

200 3799 283 3842 Lruus
297 3799 331 3840 ad.
341 3799 409 3840 Wua
414 3799 492 3840 nach.
983 3791 998 3844 f
