2790 4214
541 285 649 340 ιωοο
667 285 788 338 ALTER
1130 285 1171 349 19

161 452 302 535 βάνονσι
312 451 458 533 δυσμῶν,
472 450 592 525 νυκτὸς
602 447 673 514 οὐδ’
687 450 771 527 ὅλως
781 452 912 533 μνήμην
922 450 1277 533 ποιούμενοι,ΧΥΗΡθ

162 549 280 622 οἷαού
303 555 379 622 καθ’
402 556 587 622 ὑπόστασιν
610 555 693 620 άλλά
716 560 844 639 μᾶλλον
866 556 1172 640 κατὰσυμβεβηκός

161 662 345 748 γινομένης.
382 663 561 745 Αἰγύπτιοι
580 658 617 727 δὲ
635 659 690 727 καὶ
704 661 852 748 Ἑβραῖοι
876 661 939 727 ἀπὸ
958 661 1060 748 άρχής
1081 659 1171 727 ἕσπέ-

162 795 221 857 ρας
241 773 302 854 τὴν
325 769 549 854 έπιφοιτῶσαν
573 774 859 853 συναριθμοῦντες
882 767 1008 854 ἡμέραν
1031 766 1092 844 ἕως
1115 779 1172 853 τῆς

161 877 317 961 ἐπιούσης
348 877 450 941 πάλιν
486 873 638 961 ἑσπέρας,
679 876 741 958 τὴν
776 877 1012 961 προλαβοῦσαν
1053 876 1210 959 δηλον-Ρ

161 987 211 1048 ότι
230 983 334 1049 νύκτα
352 984 431 1067 μετά
452 990 510 1066 τὴς
533 981 825 1064 ἐπακολουθούσης
847 979 968 1066 ἡμέρας
993 991 1172 1047 σννενοῦν-
1200 1000 1211 1036 ν

160 1114 213 1166 τες
228 1088 283 1155 καὶ
302 1093 381 1174 μίαν
400 1087 587 1174 ἀμφοτέρας
606 1088 821 1172 ὀνομάζοντες
840 1086 975 1174 ἡμέραν,
995 1087 1171 1174 ἀρχόμενοι

161 1194 198 1262 δὲ
210 1198 373 1283 πρότερον
387 1195 450 1260 άπὸ
466 1204 524 1279 τῆς
538 1197 666 1278 νυκτός,
682 1196 788 1260 διὰτὸ
804 1194 1071 1280 άρχεγονώτερον
1086 1191 1171 1261 εἶναι

159 1305 197 1369 τὸ
216 1306 332 1379 σκότος
349 1312 409 1368 τοῦ
428 1302 537 1386 φωτὸς
555 1299 609 1366 καὶ
632 1302 697 1386 πρὸ
720 1310 777 1385 τής
800 1303 899 1366 τοῦδε
921 1310 982 1366 τοῦ
1000 1303 1123 1378 παντὸς
1137 1311 1276 1366 XYHPS

161 1412 405 1493 διακοσμήσεως
427 1410 541 1494 ἔρεβος
562 1406 617 1472 καὶ
641 1410 757 1482 σκότος
778 1409 1070 1491 προύποτίθεσθαι
1093 1410 1171 1484 τοὺς
1185 1426 1211 1463 10

159 1516 428 1599 κοσμογράφους,
460 1515 563 1578 νύκτα
594 1509 632 1577 δὲ
662 1515 797 1578 πάντων
828 1512 952 1598 μητέρα
984 1512 1169 1597 ὀνομάζειν·

160 1621 243 1686 ὅθεν
268 1619 323 1685 καὶ
356 1622 388 1686 ολ
419 1618 557 1704 μνθικολ
589 1619 653 1684 άπὸ
677 1623 808 1703 Λητοῦς
834 1625 993 1703 τεχθῆναι
1014 1618 1168 1704 ’Ἁρτεμιν
1182 1630 1266 1684 ΧΥΡ

159 1736 294 1792 ποιοῦσι
320 1723 375 1792 καὶ
397 1719 604 1809 Ἀπόλλωνα,
631 1723 687 1790 καὶ
714 1725 849 1811 πρώτην
868 1723 1039 1810 Ἄρτεμιν,
1068 1724 1169 1791 ολονεὶ
1185 1737 1242 1790 ΧΥ

160 1834 332 1920 άερότεμιν
363 1835 533 1916 Σελήνην,
563 1829 637 1916 μεθ’
667 1831 710 1913 ἡν
737 1833 796 1896 τὸν
815 1829 944 1896 Ἥλιον.
999 1837 1049 1914 εῐη
1073 1830 1103 1896 δ’
1127 1831 1169 1897 άν

161 1942 257 2025 Λητὼ
276 1939 296 2023 ἡ
316 1938 389 2018 νύξ·
411 1938 467 2004 καὶ
489 1940 553 2024 γάρ
577 1943 664 2022 λήθη
683 1935 751 2002 κατ’
773 1938 877 2022 αὐτήν
895 1936 950 2002 καὶ
973 1937 1078 2014 ύπνος
1103 1938 1170 2003 έπι-
1185 1959 1209 1998 15

159 2051 294 2129 γίνεται.
314 2047 348 2112 οἵ
359 2069 397 2129 γε
406 2046 472 2130 μήν
487 2039 648 2130 Θύμβροι,
662 2046 763 2121 ἔθνος
772 2042 934 2109 Ἰταλικὸν
946 2042 1001 2109 καὶ
1016 2044 1276 2131 άστρο-ΧΥΗΡΒ

230 2187 255 2221 v.
276 2173 290 2220 1
306 2169 417 2236 δυσμῶν
431 2164 510 2220 omis,
530 2165 583 2220 YS
596 2169 600 2235 ἡ
615 2173 665 2235 τῆς
678 2165 777 2227 ννκτδς
790 2163 855 2235 μηδ’
874 2162 942 2227 δλως
955 2162 1055 2234 μνείαν
1073 2166 1170 2219 ποιού-

160 2258 238 2308 μενοι
248 2238 278 2293 ἐν
291 2243 328 2291 τῶ
342 2246 392 2307 τῆς
404 2234 508 2306 ἡμέρας
521 2235 551 2291 λύ
571 2257 601 2309 ῳ,
620 2237 656 2299 ὡς
670 2235 864 2291 άννποστάτοο
877 2236 934 2304 πρά
953 2255 1050 2304 ματος·
1070 2235 1169 2306 αλγύπ-

158 2293 318 2364 τιοιδὲΡ’
346 2308 480 2363 λόναλού
490 2309 525 2376 A,
536 2258 598 2362 οέον
608 2309 640 2361 ού
651 2309 687 2376 Β,
702 2304 748 2362 οἶα
758 2308 794 2376 μή
809 2308 842 2376 Υ,
858 2304 905 2362 οἶοι
915 2258 952 2360 ού
959 2307 1016 2361 HS
1068 2311 1169 2377 3γινο-

160 2379 227 2450 μένη
247 2381 277 2434 D
307 2380 311 2451 ἡ
341 2380 389 2434 κοιλ
403 2378 531 2450 Ἑβραῖοι
555 2376 634 2433 omis.
654 2378 777 2433 XYPS
804 2379 807 2448 ἡ
837 2379 923 2448 ἀρχῆς
946 2377 1023 2432 omis.
1043 2378 1075 2431 X
1083 2377 1171 2433 YHS

160 2460 177 2506 4
201 2451 252 2521 τὴν
275 2451 463 2519 έπιφοιτῶσαν
486 2453 724 2519 συναριθμοῦντες
750 2448 857 2518 ἡμέραν
880 2447 958 2502 οωύο.
983 2450 1011 2501 Ρ
1035 2449 1039 2519 Ι
1063 2446 1169 2517 ἡμέραν

160 2521 211 2584 ἕως
229 2519 315 2584 αὖθις
334 2518 450 2590 ἑσπέρας
467 2521 518 2591 τὴν
536 2518 642 2590 ἡμέραν
661 2519 815 2591 λογίζονται
834 2520 872 2588 Η,
891 2517 998 2588 ἡμέραν
1017 2517 1067 2582 ἕως
1085 2516 1170 2583 αὖθις

160 2591 277 2662 ἑσπέρας
286 2594 318 2647 Χ
326 2593 359 2660 Υ,
375 2592 432 2646 ἀπὸ
447 2590 564 2660 ἑσπέρας
577 2590 628 2653 ἕως
642 2589 758 2660 ἑσπέρας
771 2591 799 2659 S,
818 2588 896 2661 μέχρι
910 2599 958 2660 τὴς
972 2590 1102 2660 ἐπιούσης
1115 2611 1169 2645 πα-

158 2668 203 2719 λιν
218 2662 333 2732 ἑσπέρας
342 2665 371 2717 Ρ
416 2669 432 2715 5
445 2662 496 2732 τὴν
509 2664 706 2733 προλαβοῦσαν
716 2695 750 2702 -
761 2668 834 2716 9τοῦ
849 2663 941 2730 φωτὸς
954 2661 1032 2716 omia.
1043 2663 1074 2715 X
1083 2663 1147 2716 ΥΗ
1149 2665 1171 2718 S

160 2742 175 2789 6
191 2733 427 2805 έπακολονθεέσης
440 2735 469 2787 Ρ
538 2740 554 2788 9
574 2734 621 2788 καλ
636 2735 669 2803 Ρ,
689 2733 781 2788 διὰτὸ
797 2734 828 2786 Χ
836 2733 924 2787 YHS
937 2736 941 2804 Ι
957 2733 1011 2801 πρὸ
1025 2742 1073 2803 τῆς
1086 2736 1168 2788 τοῦδε

159 2817 208 2861 τοῦ
226 2807 331 2868 παντὸς
349 2804 554 2874 διακοσμήσεως
571 2805 633 2874 YS,
657 2805 711 2874 πρὸ
729 2813 778 2873 τῆς
795 2803 1001 2874 διακοσμήσεως
1019 2806 1100 2858 τοῦδε
1118 2814 1168 2858 τοῦ

158 2879 263 2941 παντὸς
272 2879 305 2945 Ρ,
324 2885 373 2946 τῆς
390 2877 444 2945 πρὸ
463 2879 544 2931 τοῦδε
562 2885 611 2930 τοῦ
630 2876 736 2938 παντὸς
754 2875 801 2946 (ὥς
819 2893 888 2944 φασι
908 2876 971 2930 add.
990 2877 1036 2946 H)
1056 2878 1168 2930 διακοσ-

158 2949 264 3017 μήσεως
281 2949 350 3001 ΧΗ
411 2954 444 3002 10
459 2944 557 3003 σκότον
572 2948 604 3000 Χ
611 2947 705 3015 HS,
725 2946 818 3017 έρεβος
836 2947 884 3001 καὶ
903 2944 998 3008 σκότος
1013 2947 1040 3000 Ρ
1054 2948 1057 3017 ἡ
1074 2945 1168 3001 ὑποτί-

157 3023 264 3074 θεσθαι
288 3020 320 3072 Χ
328 3019 417 3074 YHS
493 3024 524 3072 11
549 3017 763 3089 κοσμογράφονς
786 3019 833 3072 καὶ
856 3018 887 3072 τὸ
910 3017 961 3087 τὴν
984 3018 1072 3071 νύκτα
1095 3013 1167 3071 εἶναι

157 3089 261 3160 μητέρα
279 3097 405 3145 πάντων
426 3087 495 3144 ὅθεν
515 3090 562 3144 καλ
582 3091 630 3159 Ρὴ
652 3089 739 3144 νύκτα
757 3108 786 3142 τε
809 3090 866 3142 ΥΑ
883 3087 1025 3158 [νομίζειν
1049 3089 1081 3156 Υ,
1106 3087 1167 3142 ὀνο-

158 3161 253 3231 μάζειν
271 3162 365 3215 XHS
435 3166 467 3214 12
487 3162 536 3215 καλ
554 3159 632 3214 omis.
652 3161 684 3213 Χ
691 3161 736 3230 ΥΙ
758 3158 827 3214 ὅθεν
846 3161 893 3213 καὶ
917 3159 948 3214 οἱ.
962 3160 1166 3228 μοθικολ-Ιξι

157 3231 311 3304 ἐπιγίνεται
340 3233 442 3286 desunt
463 3234 498 3286 H
505 3232 526 3286 S
558 3234 562 3301 Ι
595 3235 731 3301 τεχθῆναι
763 3231 813 3286 τὸν
849 3227 996 3285 άπάλλωνα
1032 3226 1166 3299 λέγουσιν.

157 3301 273 3375 ούμβροι
314 3302 345 3358 δὲ
386 3305 414 3356 Ρ
498 3309 531 3356 13
563 3300 721 3357 άπόλλωνα·
757 3301 871 3370 άρτεμιν
904 3301 990 3355 οἱονεὶ
1022 3296 1166 3369 άερότεμιν

157 3374 286 3444 σελήνην,
310 3372 376 3444 μεθ’
397 3372 433 3442 ἡν
455 3375 505 3429 τὸν
523 3372 603 3443 ἡλιον
621 3374 658 3442 Χ,
678 3371 824 3428 άπόλλωνα
843 3372 891 3426 καὶ
909 3373 1021 3439 πρώτην
1040 3370 1165 3440 άρτεμιν·

156 3446 198 3516 εέη
218 3445 245 3501 δ’
259 3445 295 3502 διν
313 3445 416 3516 λητὼὴ
435 3445 497 3510 νύξ·
516 3444 635 3516 καὶγὰρ
655 3443 729 3514 λήθη
748 3442 809 3497 κατ’
828 3443 916 3512 αύτὴν
935 3443 984 3496 καλ
1001 3439 1089 3504 ύπνος
1108 3442 1166 3497 έπι-

155 3515 261 3587 γίνεται
280 3517 331 3586 τὴν
357 3517 443 3570 οἱονεὶ
467 3513 611 3585 άερότεμιν
630 3515 746 3584 σελήνην
769 3516 798 3567 Y
873 3519 907 3566 14
926 3513 967 3582 εἴη
988 3511 1015 3566 δ’
1033 3511 1069 3568 διν
1083 3521 1165 3567 -15

156 3587 309 3659 ἐπιμένωσι
327 3587 405 3642 omis.
425 3588 457 3640 X
528 3593 560 3641 16
580 3583 696 3657 ούμβροι
715 3584 746 3640 δέ
761 3585 855 3653 XPS,
875 3583 985 3655 δμβριοι
1000 3583 1031 3637 δὲ
1045 3585 1080 3638 H
1097 3588 1101 3655 ἡ
1121 3583 1165 3656 γέ-

156 3678 204 3722 νος
222 3661 256 3728 Ρ,
276 3658 360 3720 έθνος
374 3659 405 3712 Χ
413 3658 514 3730 ΥΗδή
527 3659 574 3712 καὶ
593 3655 761 3727 ἀστρολόγον
779 3655 857 3710 omis,
877 3656 909 3708 X
916 3656 981 3709 ΥΗ
983 3655 1005 3709 S

990 3746 1003 3774 1

969 3751 983 3798 2
