2788 4222
234 189 397 244 LXXXVIII
630 190 835 246 PRAEFATIO

236 358 421 435 corruptelae
449 360 632 418 sanarentur.
678 359 720 419 sic
745 359 806 417 iam
833 379 857 418 c.
881 379 908 436 g.
933 364 1089 436 corruptae
1116 358 1162 416 illi
1183 360 1243 418 lec·

235 447 311 506 tioni
335 445 478 526 prppo'xou
503 440 716 529 (ρ.105,19)
745 448 921 507 medicinam
948 467 1053 525 parare
1081 466 1155 524 opus
1183 467 1259 506 non·

237 535 308 609 erit,
345 554 441 611 neque
473 535 509 594 dc
545 536 712 595 nominibus
748 539 861 614 septem
892 538 1093 598 Romanorum
1123 537 1243 596 collium

237 616 279 705 (p.
300 625 377 699 173,
397 626 430 698 2,
458 624 494 683 01.
518 623 551 683 G.
571 625 729 699 9111οο10,
754 624 983 703 Septimontium
1006 627 1037 684 et
1060 624 1189 701 Subura,
1211 625 1243 682 in

238 712 346 771 Satura
373 711 517 771 Viadrina
546 733 574 789 p.
601 706 635 795 4)
668 714 869 773 disserendum
896 715 960 773 0111.
1007 716 1139 773 attamen
1166 733 1243 773 com·

236 802 337 877 plures
358 804 473 860 restant
495 802 566 876 loci,
594 801 703 878 quibus
730 803 887 862 verborum
914 821 1040 862 conexus
1067 803 1156 878 paulo
1179 804 1242 860 111-

236 889 325 949 batus
352 890 490 949 videatur
517 909 593 949 esse:
627 891 761 966 quamuis
788 892 834 950 his
862 891 949 951 initio
976 891 1155 968 parcendum
1182 908 1244 948 esse

238 978 417 1053 statuissem,
444 979 554 1054 quippe
577 979 627 1054 qui
650 980 737 1054 plura
758 980 1106 1056 haberemprofereuda,
1134 978 1185 1037 sed
1208 977 1244 1035 de

238 1067 346 1143 quibus
367 1067 478 1143 ambigi
496 1071 604 1144 posset,
627 1087 700 1126 num
717 1087 787 1127 vora
806 1071 910 1146 essent,
933 1071 1008 1143 tum,
1025 1086 1091 1126 cum
1109 1067 1241 1142 complu-

237 1156 315 1214 rium
349 1156 480 1214 virorum
515 1155 669 1216 doctorum
699 1157 774 1214 mihi
804 1157 1064 1233 suppeditarentur
1096 1156 1244 1216 coniectu·¹

236 1263 301 1320 rae,
328 1263 431 1304 earum
457 1244 612 1320 splendore
639 1248 802 1305 commotus
827 1245 875 1304 hic
902 1245 964 1304 illic
991 1245 1149 1305 verborum
1176 1263 1244 1304 con-

237 1333 335 1392 textui
354 1333 526 1394 inserendas
549 1334 617 1392 illas
645 1352 707 1393 esse
734 1333 858 1393 decrevi.
908 1333 1057 1393 interdum
1079 1351 1148 1392 vero
1172 1352 1245 1391 num

237 1423 293 1482 hoc
325 1425 404 1481 10010
440 1422 560 1482 fecerim
592 1422 711 1481 dubito:
747 1441 814 1481 cum
851 1423 930 1480 enim
965 1421 1082 1498 saepius
1119 1440 1178 1479 non
1209 1421 1244 1478 li·

240 1513 343 1587 queat,
372 1513 473 1570 utrum
499 1510 576 1586 Lydi
605 1529 644 1570 an
674 1511 865 1571 librariorum
896 1511 1052 1589 graecitati
1084 1508 1248 1568 debeantur

239 1619 291 1659 eae
319 1617 395 1676 quac
424 1603 579 1675 corruptae
607 1598 784 1659 videbantur
811 1601 948 1676 voculae,
980 1619 1076 1676 neque
1104 1599 1142 1657 ad
1168 1599 1246 1656 hunc

240 1689 318 1747 diem
341 1688 415 1746 satis
443 1690 558 1747 constet
587 1689 593 1700 '
617 1692 663 1747 ter
689 1688 769 1747 viros
797 1688 912 1764 doctos,
939 1707 1084 1764 quasnam
1110 1687 1247 1746 licentias

239 1778 272 1835 in
294 1776 480 1836 conectendis
508 1775 605 1835 verbis
628 1776 836 1852 usurpaverint
858 1779 993 1837 auctores
1017 1777 1116 1854 graeci
1138 1776 1205 1834 inde
1229 1793 1247 1833 a

240 1867 322 1924 sexto
350 1883 445 1940 usque
473 1864 512 1923 ad
542 1865 689 1923 decimum
717 1865 854 1940 quintum
886 1867 1049 1941 saeculum,
1080 1883 1184 1924 101001
1210 1882 1248 1921 ne

240 1953 399 2027 interdum,
422 1972 489 2011 cum
512 1953 645 2012 codicum
668 1972 779 2012 errores
799 1954 953 2012 emendare
972 1953 1144 2028 studuerim,
1166 1953 1248 2028 ipsos

243 2045 379 2102 auctores
398 2073 440 2082 -
459 2041 520 2100 iam
544 2041 622 2099 enim
644 2060 704 2101 non
726 2042 761 2100 de
784 2062 845 2101 uno
864 2041 1033 2118 Laurentio,
1056 2042 1108 2101 sed
1131 2042 1166 2100 de
1185 2040 1248 2118 epi-

240 2130 437 2192 tomatoribus
465 2149 583 2206 quoque
611 2148 706 2190 sermo
735 2133 780 2188 est
802 2163 845 2172 —-
868 2131 1051 2190 correxerim.
1102 2131 1144 2189 sic
1172 2142 1195 2187 e‘.
1219 2149 1247 2206 g.

241 2242 269 2297 p.
292 2221 424 2296 138,15
452 2237 505 2295 pro
533 2219 631 2278 verbis
658 2217 707 2278 διὰ
735 2217 804 2291 τοὺς
831 2216 938 2300 ἄρτους
956 2265 963 2277 .
978 2266 985 2278 .
1001 2264 1008 2279 .
1026 2217 1249 2289 κατασκευάζειν

241 2309 308 2368 dedi
332 2306 381 2368 διὰ
407 2303 482 2386 <1ὸ>
508 2306 578 2379 τοὺς
604 2303 711 2388 ἄρτους
736 2312 810 2386 art,
842 2309 893 2369 sed
922 2328 1000 2368 nunc
1027 2309 1126 2383 video,
1159 2306 1248 2365 simili

243 2398 329 2458 modo
352 2396 385 2458 rb
408 2397 507 2457 omitti
528 2417 556 2473 p.
576 2399 693 2474 81,11.
718 2398 843 2473 84,12:
866 2399 910 2456 ita
932 2401 968 2456 ut
991 2399 1143 2474 appareat,
1167 2395 1250 2453 illius

242 2487 384 2562 temporiS
407 2506 520 2546 morem
542 2487 642 2562 firisse,
665 2486 825 2545 articulum
847 2487 997 2560 omittere,
1026 2485 1076 2544 ubi
1099 2484 1177 2544 inter
1200 2481 1248 2542 διὰ

242 2575 492 2652 praepositionem
519 2595 586 2636 cum
614 2575 783 2634 accusativo
811 2593 882 2633 casu
909 2574 1043 2632 iunctam
1071 2576 1101 2632 01
1127 2571 1249 2630 infiniti-

242 2683 313 2722 vum
335 2662 537 2722 intercedebat
558 2664 634 2722 alter
651 2663 845 2722 accusativus.
883 2661 973 2720 simili
994 2663 1081 2722 modo
1105 2661 1249 2720 suadente

243 2752 392 2811 Boeclrhio
421 2744 471 2832 (cf.
498 2771 526 2826 p.
548 2753 625 2826 169,
644 2747 678 2828 4)
707 2751 842 2811 voculam
869 2747 901 2810 ἐν
929 2751 1043 2826 addidi,
1070 2750 1251 2825 ubicmnque

244 2839 383 2917 planetae
406 2841 508 2899 11011110
529 2838 691 2899 indicatur:
716 2840 795 2915 quod
817 2839 1015 2899 necessarium
1032 2857 1090 2898 non
1109 2838 1200 2897 fuisse
1217 2838 1250 2895 in

245 2929 414 3004 aequiorum
446 2931 615 3004 temporum
645 2927 813 2987 Graecitate
844 2928 971 3005 benigne
1002 2947 1050 2986 me
1080 2927 1165 2986 docet
1195 2925 1250 2985 (11.

244 3017 343 3092 Kroll;
371 3020 401 3076 et
423 3037 451 3093 p.
473 3019 543 3093 1,1
569 3013 955 3097 100011κσυγγράψαντες>
981 3017 1056 3075 falso
1080 3016 1251 3091 suppletam

245 3125 307 3166 esse
329 3125 376 3164 mc
398 3106 515 3165 monuit
537 3107 571 3165 R.
595 3106 732 3165 Foerster
753 3106 877 3181 prolatis
906 3105 952 3165 his
980 3104 1134 3180 exemplis:
1161 3104 1251 3164 schol.

246 3194 336 3254 Laur.
360 3195 399 3254 ad
417 3193 505 3270 Soph.
523 3194 569 3252 El.
591 3195 653 3253 157
678 3190 718 3266 ὡς
736 3190 752 3253 ὁ
769 3192 804 3254 τὰ
822 3194 953 3275 Κύπρια,
976 3193 1084 3253 Herod.
1102 3191 1167 3272 περὶ
1187 3212 1251 3269 μον.

246 3284 302 3356 λεξ.
325 3305 353 3361 p.
375 3288 392 3344 9
417 3277 462 3364 (II
483 3303 512 3359 p.
532 3284 596 3340 414
620 3275 726 3364 Lenta)
750 3279 790 3355 ὡς
814 3280 829 3343 ὁ
852 3280 886 3342 τὰ
907 3281 1028 3363 Κύπριοί
1050 3298 1139 3359 φησι,
1162 3280 1251 3340 schol.

245 3372 319 3431 Ven.
342 3372 377 3431 Il.
400 3373 425 3431 Ε
451 3373 513 3430 326
539 3368 554 3431 6
577 3366 686 3449 δὲτὴν
710 3369 816 3452 μικρὰν
836 3365 953 3450 Ἰλιάδα,
976 3371 1065 3430 schol.
1088 3372 1157 3429 Eur.
1181 3370 1253 3428 Hac.

248 3463 311 3522 910
335 3457 374 3532 ὡς
398 3457 429 3520 δὲ
452 3457 467 3520 ὁ
490 3458 545 3539 τὴν
567 3457 674 3540 μικρὰν
693 3452 810 3520 Ἰλιάδα.

314 3548 436 3609 Cautius
468 3568 515 3609 me
546 3549 668 3626 retinui,
702 3549 881 3625 ubicumque
915 3549 952 3606 de
981 3549 1109 3623 lacunis,
1145 3545 1253 3623 quibus
