2790 4214
510 290 618 346 amaa
636 291 790 347 TERTIUS
1081 339 1082 342 ε
1109 293 1153 358 43

143 453 278 541 ἀφιέναι
301 457 427 540 φωνήν.
468 458 603 539 μεγίστη
626 456 690 540 γὰρ
712 454 732 538 ἡ
757 455 898 540 δύναμις
920 464 978 539 τῆς
1001 452 1152 533 ἕπτάδος·
1167 467 1224 522 ΧΥ

142 563 247 649 ὁγὰρ
274 561 346 628 κατ’
369 562 473 645 αὐτὴν
505 561 648 648 ἀριθμὸς
675 561 794 646 ἀμιγής
826 561 895 627 ἐστι
926 560 981 626 καί
1009 561 1152 649 ἀμήτωρ,
1166 574 1192 627 X

141 672 222 754 μήτε
243 681 371 752 γεννῶν
394 672 474 753 μήτε
496 668 716 752 γεννώμενος,
740 669 784 744 ὡς
806 666 942 745 ἕκαστος
964 679 1031 734 τῶν
1055 669 1091 734 ἐν
1112 679 1152 755 τῇ

141 776 256 841 δεκάδι
275 775 438 861 ἀριθμῶν.
474 774 557 840 ὅθεν
574 771 629 839 καὶ
649 775 681 840 οἱ
700 776 930 860 Πυθαγόρειοι
948 773 1076 861 Ἀδηνᾷ
1092 776 1154 859 τὴν
1167 787 1247 842 XYS

142 878 265 946 ἑπτάδα
287 881 515 947 ἀνατίθενται·
542 889 581 966 τῇ
610 881 673 965 γάρ
700 881 844 968 περιόδῳ
873 878 955 965 φασὶ
977 889 1035 964 τῆς
1059 879 1152 966 ἑβδο-
1179 905 1192 945 5

141 989 245 1072 μάδος
279 988 387 1053 πάντα
422 986 574 1052 ἀθάνατα
611 987 811 1066 διασώζεται.
869 985 925 1052 καὶ
962 989 1018 1053 διὰ
1052 998 1151 1055 τοῦτο
1165 1001 1223 1056 ΧΥ

140 1099 302 1159 καλοῦσιν
333 1094 437 1176 αὐτὴν
468 1091 640 1179 παρθένον
671 1092 935 1180 ὀβριμοπάτραν,
972 1095 1059 1160 διότι
1095 1105 1153 1178 τῆς

140 1199 285 1285 μονάδος
308 1207 364 1282 τῆς
386 1198 493 1263 πάντα
515 1199 731 1284 περιεχούσης
758 1197 813 1264 καὶ
840 1199 1072 1285 ὑποστησάσης
1094 1205 1153 1285 μό-

140 1330 200 1389 νης
223 1303 292 1370 ἐστὶ
314 1303 475 1390 γέννημα·
506 1305 595 1370 αἰτία
616 1307 681 1390 γάρ
703 1305 839 1370 πάντων
860 1305 881 1388 ἡ
904 1307 1016 1390 μονάς.
1062 1305 1152 1391 λέγε-

139 1436 193 1478 ται
216 1408 254 1476 δὲ
279 1410 335 1476 καὶ
361 1415 470 1497 κρίσις
497 1413 553 1476 διὰ
585 1413 621 1477 τὸ
651 1419 697 1498 τῷ
728 1411 848 1495 ταύτης
881 1411 1014 1500 ἀριθμῷ
1044 1413 1152 1478 πάντα
1166 1439 1192 1478 ιο

140 1518 321 1602 λαμβάνειν
343 1520 405 1603 τὴν
427 1516 480 1583 ἐπὶ
502 1518 649 1604 θάτερον
672 1520 817 1601 ἔκβασιν.
848 1517 903 1584 καί
925 1527 1024 1586 τοῦτο
1047 1521 1152 1603 δῆλον

140 1623 176 1690 ἐκ
206 1634 264 1710 τῆς
294 1629 475 1710 καθολικῆς
506 1635 574 1689 τῶν
600 1623 791 1705 ἀνθρώπων
822 1623 965 1708 ἡλικίας·
1001 1624 1055 1691 ἐπὶ
1087 1629 1151 1713 γάρ

139 1740 199 1797 τοῦ
223 1729 399 1815 ἑξηκοστοῦ
423 1735 537 1817 τρίτου
565 1730 721 1796 ἐνιαυτοῦ
745 1769 787 1776 -
812 1729 891 1796 ἑπτά
919 1728 957 1796 δὲ
984 1731 1151 1799 ἐννεάδων

140 1835 208 1902 ἐστὶ
227 1840 418 1914 συνεκτικός
437 1875 478 1885 -
497 1836 517 1921 ἡ
536 1837 664 1921 γένεσις
686 1840 843 1922 κρίνεται,
867 1847 926 1903 τοῦ
945 1849 1151 1926 ψυχοκρατη-
1164 1853 1191 1906 Y

138 1953 247 2029 τικοῦ,
279 1945 315 2022 ὃς
347 1943 438 2009 ἐστιν
464 1943 619 2028 ἕβδομος,
650 1942 706 2009 καὶ
734 1953 795 2009 τοῦ
826 1951 1149 2032 σωματοπλαστικοῦ,
1163 1972 1189 2013 15

139 2051 175 2128 ός
193 2051 283 2117 ἐστιν
306 2054 452 2135 ἔννατος,
476 2054 661 2116 συνιόντων
683 2051 777 2136 ὁμοῦ.

84 2185 198 2253 ΒεΙΙΙ,7
224 2176 274 2240 10.
293 2175 327 2239 Ὁ
345 2179 484 2261 Νουμᾶς
501 2185 670 2260 πανταχοῦ
689 2177 748 2241 τὸν
765 2177 920 2263 περιττὸν
939 2175 1009 2243 ἀλλ’
1029 2178 1070 2243 ού
1089 2179 1148 2244 τὸν
1161 2197 1243 2252 XYs

138 2283 255 2366 άρτιον
283 2281 431 2368 ἀριθμὸν
460 2293 565 2366 τιμῶν
593 2291 687 2368 τριχῆ
722 2283 780 2358 τὰς
810 2280 923 2369 ἑορτάς
955 2293 1016 2349 τοῦ
1047 2285 1150 2368 μηνὸς

137 2388 332 2454 διετύπωσε·
359 2392 497 2474 τρίπους
523 2388 587 2474 γάρ
616 2390 735 2465 οἰκεῖος
757 2386 979 2472 Ἀπόλλωνος,
1006 2388 1149 2475 καὶγὰρ

207 2605 266 2654 v.l
292 2598 398 2669 φωνήν.
435 2601 488 2653 eet.
517 2598 573 2652 des.
602 2597 625 2652 S
726 2604 741 2651 2
770 2596 928 2668 ὁγὰρ-4
947 2600 1078 2668 ἀρνδμῶν
1102 2601 1150 2654 da-

138 2672 203 2724 sunt
225 2671 255 2724 Y
331 2667 438 2725 4όῦεν
456 2669 483 2723 οί
502 2669 542 2737 A,
561 2666 604 2723 ότι
622 2669 650 2723 ol
664 2674 729 2723 -6
749 2670 952 2735 διασώζεταιδ
1031 2673 1148 2744 apocal]

138 2742 206 2810 φησὶ
224 2742 259 2806 Α,
281 2740 395 2796 omia&
466 2738 573 2794 Ἰδιότι
592 2741 624 2795 Χ
632 2741 665 2809 Y,
690 2739 787 2795 διὰτὸ
806 2740 849 2812 A,
924 2740 1148 2812 9αίτία-μο-

88 2854 94 2867 .
136 2811 189 2874 νάς
207 2811 285 2866 omis.
304 2812 334 2865 Y
402 2817 436 2866 10
454 2809 590 2880 κρίσηςΑ
609 2809 711 2879 κρίσεις
724 2811 818 2884 A,B}
838 2817 876 2884 τῷ
895 2811 973 2866 omia.
993 2814 1026 2881 Y,
1049 2813 1080 2868 τό
1100 2815 1149 2869 τὸν

136 2884 170 2938 Ν
192 2884 196 2953 Ι
221 2881 345 2950 διράδμδν
363 2883 397 2938 N
479 2888 511 2938 11
529 2880 640 2950 θάτερα
663 2883 697 2938 N
780 2889 813 2936 14
832 2882 996 2947 συνακτικός
1018 2885 1148 2954 AOEG,

136 2951 316 3016 συντακτικός
333 2954 372 3021 D,
390 2951 560 3015 συναπτικός
577 2954 611 3008 Ν
630 2953 634 3025 Ι
659 2953 832 3024 κρίνεται-
847 2960 880 3008 16
900 2954 969 3025 ὁμοῦ
989 2956 1091 3010 desunt
1109 2957 1147 3024 X,

136 3023 238 3095 viginti
251 3023 409 3078 litberarum
423 3023 546 3094 spatium
559 3027 642 3078 vacat
656 3026 684 3078 B
757 3030 790 3077 17
805 3040 839 3078 ex
852 3026 906 3079 hac
919 3027 1098 3107 paragrapho
1115 3031 1149 3080 10

137 3095 285 3165 exscripsit
299 3094 435 3166 Georgius
445 3095 585 3150 cedrenus
599 3111 642 3163 aa,
657 3113 729 3164 quae
745 3095 878 3166 leguntur
892 3095 922 3150 in
936 3096 1060 3151 adit1one
1073 3096 1148 3150 Bon-

135 3165 216 3220 nensi
255 3211 260 3220 .
276 3171 336 3234 294,
347 3183 373 3222 ιο
383 3185 442 3236 sqq.
459 3170 488 3220 at
501 3185 528 3238 p.
544 3172 604 3235 296,
615 3183 706 3236 aasqq.
727 3165 769 3221 ότι
784 3167 798 3221 ό
814 3167 839 3237 (ό
855 3167 933 3222 omis.
946 3168 1027 3237 GM)
1041 3174 1149 3234 νουμᾶς

136 3237 176 3300 εἰς
193 3185 256 3305 τρύόι
274 3237 324 3292 τὸν
342 3246 418 3308 μῆνα
440 3239 538 3293 διελὼν
556 3246 635 3307 τριχῆ
653 3237 703 3300 τὰς
721 3237 752 3293 ἐν
765 3238 840 3293 αὐτῶ
854 3239 1022 3292 διετύπωσεν
1037 3236 1145 3304 ἑορτάς·

134 3306 250 3376 τρίπους
266 3312 322 3363 κτλ.
342 3310 375 3377 Y,
395 3307 437 3364 ότι
456 3309 471 3364 δ
490 3316 596 3377 νονμᾶς
612 3310 662 3364 τὸν
680 3308 809 3378 περιττὸν
827 3308 953 3378 ἀρνδμδν
968 3317 1054 3378 τιμῶν
1067 3316 1147 3378 τριχῆ

135 3379 186 3442 τὰς
209 3388 258 3434 τοῦ
284 3380 371 3450 μηνὸς
396 3379 492 3448 ἑορτὰς
517 3379 679 3434 ἐτύπωσεό
749 3386 783 3434 19
802 3377 844 3434 ότι
870 3378 885 3434 δ
908 3377 1023 3448 τρίπους
1046 3379 1149 3443 οἰκεῖος

135 3449 306 3519 άπόίλωνος,
332 3453 380 3505 καὶ
405 3451 458 3522 γὰρ
482 3459 533 3521 τῆς
557 3449 680 3520 μονάδος
704 3450 778 3506 ἐστὶν
803 3450 893 3506 εἰκών.
931 3448 974 3504 ότι
999 3447 1147 3506 ἀπόλλονα

135 3517 1146 3666 ffffissffvpsswss³23⁷⁰1v2>⁸23253ffss35³33²2⁵35&ssssss⁷3²{f'awsv'1

36 3651 40 3662 ’
134 3661 256 3718 ἐτύποισε
274 3665 302 3717 Β
318 3667 322 3733 Ι
338 3662 477 3719 ἀπόλλωνι
495 3665 523 3718 Β
1037 3637 1043 3662 ’
