<?xml version="1.0" encoding="UTF-8"?>
<!DOCTYPE html PUBLIC "-//W3C//DTD XHTML 1.0 Transitional//EN"
    "http://www.w3.org/TR/xhtml1/DTD/xhtml1-transitional.dtd">
<html xmlns="http://www.w3.org/1999/xhtml" xml:lang="en" lang="en">
 <head>
  <title>
</title>
<meta http-equiv="Content-Type" content="text/html;charset=utf-8" />
  <meta name='ocr-system' content='tesseract 3.04.00' />
  <meta name='ocr-capabilities' content='ocr_page ocr_carea ocr_par ocr_line ocrx_word'/>
</head>
<body>
  <div class='ocr_page' id='page_1' title='image "./ioannislaurenti02wuengoog_0042.png"; bbox 0 0 2788 4222; ppageno 0'>
   <div class='ocr_carea' id='block_1_1' title="bbox 557 258 1165 318">
    <p class='ocr_par' dir='ltr' id='par_1_1' title="bbox 557 258 1165 318">
     <span class='ocr_line' id='line_1_1' title="bbox 557 258 1165 318; baseline 0.008 -5"><span class='ocrx_word' id='word_1_1' title='bbox 557 258 762 315; x_wconf 77' lang='lat' dir='ltr'><strong>PRAEFATIO</strong></span> <span class='ocrx_word' id='word_1_2' title='bbox 1050 259 1165 318; x_wconf 88' lang='lat' dir='ltr'>XXXIX</span> 
     </span>
    </p>
   </div>
   <div class='ocr_carea' id='block_1_2' title="bbox 98 427 1234 3699">
    <p class='ocr_par' dir='ltr' id='par_1_2' title="bbox 140 427 1163 1377">
     <span class='ocr_line' id='line_1_2' title="bbox 153 427 1163 508; baseline 0.001 -20"><span class='ocrx_word' id='word_1_3' title='bbox 153 427 269 490; x_wconf 87' lang='lat' dir='ltr'>toniani</span> <span class='ocrx_word' id='word_1_4' title='bbox 301 428 506 505; x_wconf 76' lang='lat' dir='ltr'><strong>apographum</strong></span> <span class='ocrx_word' id='word_1_5' title='bbox 537 427 569 486; x_wconf 94' lang='lat' dir='ltr'>in</span> <span class='ocrx_word' id='word_1_6' title='bbox 601 428 700 488; x_wconf 90' lang='lat' dir='ltr'>codice</span> <span class='ocrx_word' id='word_1_7' title='bbox 732 428 929 488; x_wconf 76' lang='lat' dir='ltr'>Mutinensi</span> <span class='ocrx_word' id='word_1_8' title='bbox 965 447 1091 508; x_wconf 85' lang='lat' dir='ltr'>graeco</span> <span class='ocrx_word' id='word_1_9' title='bbox 1121 429 1163 489; x_wconf 82' lang='grc'>34</span> 
     </span>
     <span class='ocr_line' id='line_1_3' title="bbox 152 509 1163 600; baseline 0 -23"><span class='ocrx_word' id='word_1_10' title='bbox 152 509 390 600; x_wconf 76' lang='grc' dir='ltr'>(ΙΠ-Α-·20)</span> <span class='ocrx_word' id='word_1_11' title='bbox 424 518 578 577; x_wconf 87' lang='lat' dir='ltr'>chartaceo</span> <span class='ocrx_word' id='word_1_12' title='bbox 611 535 634 576; x_wconf 88' lang='lat' dir='ltr'>s.</span> <span class='ocrx_word' id='word_1_13' title='bbox 660 517 740 596; x_wconf 84' lang='lat' dir='ltr'>XIV,</span> <span class='ocrx_word' id='word_1_14' title='bbox 772 518 856 577; x_wconf 67' lang='lat' dir='ltr'>carius</span> <span class='ocrx_word' id='word_1_15' title='bbox 887 518 1027 578; x_wconf 89' lang='lat' dir='ltr'>ultimum</span> <span class='ocrx_word' id='word_1_16' title='bbox 1058 519 1163 577; x_wconf 89' lang='lat' dir='ltr'>folium</span> 
     </span>
     <span class='ocr_line' id='line_1_4' title="bbox 153 597 1163 686; baseline 0 -20"><span class='ocrx_word' id='word_1_17' title='bbox 153 605 261 683; x_wconf 89' lang='lat' dir='ltr'>incipit</span> <span class='ocrx_word' id='word_1_18' title='bbox 278 613 362 666; x_wconf 73' lang='lat' dir='ltr'>arod</span> <span class='ocrx_word' id='word_1_19' title='bbox 383 605 525 686; x_wconf 75' lang='grc' dir='ltr'><strong><em>καρκίνον</em></strong></span> <span class='ocrx_word' id='word_1_20' title='bbox 549 609 655 685; x_wconf 80' lang='grc' dir='ltr'><strong><em>μοῖραν</em></strong></span> <span class='ocrx_word' id='word_1_21' title='bbox 678 597 730 686; x_wconf 89' lang='lat' dir='ltr'>(cf.</span> <span class='ocrx_word' id='word_1_22' title='bbox 749 607 793 665; x_wconf 88' lang='lat' dir='ltr'>ed.</span> <span class='ocrx_word' id='word_1_23' title='bbox 811 627 840 683; x_wconf 91' lang='lat' dir='ltr'>p.</span> <span class='ocrx_word' id='word_1_24' title='bbox 860 603 979 685; x_wconf 85' lang='lat'>60,16)</span> <span class='ocrx_word' id='word_1_25' title='bbox 1000 610 1031 666; x_wconf 91' lang='lat' dir='ltr'>et</span> <span class='ocrx_word' id='word_1_26' title='bbox 1048 607 1163 666; x_wconf 89' lang='lat' dir='ltr'>Hamil·</span> 
     </span>
     <span class='ocr_line' id='line_1_5' title="bbox 154 691 1163 776; baseline 0.002 -21"><span class='ocrx_word' id='word_1_27' title='bbox 154 694 270 755; x_wconf 87' lang='lat' dir='ltr'>toniani</span> <span class='ocrx_word' id='word_1_28' title='bbox 283 694 374 754; x_wconf 88' lang='lat' dir='ltr'>verba</span> <span class='ocrx_word' id='word_1_29' title='bbox 392 695 530 771; x_wconf 78' lang='lat' dir='ltr'>exprimit</span> <span class='ocrx_word' id='word_1_30' title='bbox 547 713 640 770; x_wconf 88' lang='lat' dir='ltr'>usque</span> <span class='ocrx_word' id='word_1_31' title='bbox 655 694 694 753; x_wconf 90' lang='lat' dir='ltr'>ad</span> <span class='ocrx_word' id='word_1_32' title='bbox 707 691 891 773; x_wconf 78' lang='grc' dir='ltr'><strong><em>ἐπιτηδείων·</em></strong></span> <span class='ocrx_word' id='word_1_33' title='bbox 914 693 966 776; x_wconf 78' lang='grc' dir='ltr'>ἔαρ</span> <span class='ocrx_word' id='word_1_34' title='bbox 981 693 1018 774; x_wconf 73' lang='grc' dir='ltr'>δὴ</span> <span class='ocrx_word' id='word_1_35' title='bbox 1032 695 1163 757; x_wconf 85' lang='lat' dir='ltr'>ineuntis</span> 
     </span>
     <span class='ocr_line' id='line_1_6' title="bbox 151 775 1162 866; baseline 0.003 -24"><span class='ocrx_word' id='word_1_36' title='bbox 151 783 260 843; x_wconf 86' lang='lat' dir='ltr'>mensis</span> <span class='ocrx_word' id='word_1_37' title='bbox 282 782 415 843; x_wconf 76' lang='lat' dir='ltr'>Ianuarii</span> <span class='ocrx_word' id='word_1_38' title='bbox 441 775 484 864; x_wconf 85' lang='lat' dir='ltr'>(p.</span> <span class='ocrx_word' id='word_1_39' title='bbox 509 776 646 866; x_wconf 79' lang='lat'>75,13).</span> <span class='ocrx_word' id='word_1_40' title='bbox 697 783 852 860; x_wconf 77' lang='lat' dir='ltr'>descripsit</span> <span class='ocrx_word' id='word_1_41' title='bbox 878 785 934 845; x_wconf 93' lang='lat' dir='ltr'>hoc</span> <span class='ocrx_word' id='word_1_42' title='bbox 960 784 1065 844; x_wconf 86' lang='lat' dir='ltr'>folium</span> <span class='ocrx_word' id='word_1_43' title='bbox 1090 783 1162 845; x_wconf 86' lang='lat' dir='ltr'>Gui-</span> 
     </span>
     <span class='ocr_line' id='line_1_7' title="bbox 148 871 1162 951; baseline 0.001 -20"><span class='ocrx_word' id='word_1_44' title='bbox 148 872 257 932; x_wconf 73' lang='lat' dir='ltr'>lelms</span> <span class='ocrx_word' id='word_1_45' title='bbox 285 871 495 951; x_wconf 85' lang='lat' dir='ltr'>Weinberger,</span> <span class='ocrx_word' id='word_1_46' title='bbox 525 873 578 948; x_wconf 93' lang='lat' dir='ltr'>qui</span> <span class='ocrx_word' id='word_1_47' title='bbox 605 871 685 930; x_wconf 90' lang='lat' dir='ltr'>hunc</span> <span class='ocrx_word' id='word_1_48' title='bbox 710 872 840 932; x_wconf 91' lang='lat' dir='ltr'>codicem</span> <span class='ocrx_word' id='word_1_49' title='bbox 863 874 943 932; x_wconf 86' lang='lat' dir='ltr'>inter</span> <span class='ocrx_word' id='word_1_50' title='bbox 968 892 1017 934; x_wconf 89' lang='lat' dir='ltr'>eos</span> <span class='ocrx_word' id='word_1_51' title='bbox 1044 893 1162 933; x_wconf 93' lang='lat' dir='ltr'>enume-</span> 
     </span>
     <span class='ocr_line' id='line_1_8' title="bbox 150 960 1161 1040; baseline 0.002 -20"><span class='ocrx_word' id='word_1_52' title='bbox 150 965 211 1038; x_wconf 85' lang='lat' dir='ltr'>rat,</span> <span class='ocrx_word' id='word_1_53' title='bbox 239 960 348 1038; x_wconf 92' lang='lat' dir='ltr'>quibus</span> <span class='ocrx_word' id='word_1_54' title='bbox 371 960 639 1020; x_wconf 84' lang='lat' dir='ltr'>Philostratearum</span> <span class='ocrx_word' id='word_1_55' title='bbox 661 961 827 1040; x_wconf 79' lang='lat' dir='ltr'>imaginum</span> <span class='ocrx_word' id='word_1_56' title='bbox 851 961 995 1021; x_wconf 86' lang='lat' dir='ltr'>memoria</span> <span class='ocrx_word' id='word_1_57' title='bbox 1017 966 1161 1039; x_wconf 84' lang='lat' dir='ltr'>servatur,</span> 
     </span>
     <span class='ocr_line' id='line_1_9' title="bbox 149 1049 1161 1129; baseline 0.001 -19"><span class='ocrx_word' id='word_1_58' title='bbox 149 1050 325 1110; x_wconf 70' lang='lat' dir='ltr'>Studiorum</span> <span class='ocrx_word' id='word_1_59' title='bbox 356 1049 630 1109; x_wconf 75' lang='lat' dir='ltr'>vindobonensium</span> <span class='ocrx_word' id='word_1_60' title='bbox 660 1049 719 1110; x_wconf 82' lang='lat' dir='ltr'>vol.</span> <span class='ocrx_word' id='word_1_61' title='bbox 742 1051 798 1109; x_wconf 90' lang='lat' dir='ltr'>XV</span> <span class='ocrx_word' id='word_1_62' title='bbox 825 1071 854 1127; x_wconf 93' lang='lat' dir='ltr'>p.</span> <span class='ocrx_word' id='word_1_63' title='bbox 878 1052 956 1127; x_wconf 81' lang='lat'>3083</span> <span class='ocrx_word' id='word_1_64' title='bbox 988 1052 1161 1129; x_wconf 83' lang='lat' dir='ltr'>apographo</span> 
     </span>
     <span class='ocr_line' id='line_1_10' title="bbox 148 1137 1161 1216; baseline 0.001 -18"><span class='ocrx_word' id='word_1_65' title='bbox 148 1139 213 1199; x_wconf 89' lang='lat' dir='ltr'>eius</span> <span class='ocrx_word' id='word_1_66' title='bbox 233 1137 270 1198; x_wconf 87' lang='lat' dir='ltr'>ab</span> <span class='ocrx_word' id='word_1_67' title='bbox 289 1139 355 1216; x_wconf 91' lang='lat' dir='ltr'>ipso</span> <span class='ocrx_word' id='word_1_68' title='bbox 373 1137 502 1216; x_wconf 83' lang='lat' dir='ltr'>benigne</span> <span class='ocrx_word' id='word_1_69' title='bbox 520 1138 596 1196; x_wconf 89' lang='lat' dir='ltr'>mihi</span> <span class='ocrx_word' id='word_1_70' title='bbox 613 1156 750 1199; x_wconf 89' lang='lat' dir='ltr'>concesso</span> <span class='ocrx_word' id='word_1_71' title='bbox 769 1157 839 1198; x_wconf 90' lang='lat' dir='ltr'>usus</span> <span class='ocrx_word' id='word_1_72' title='bbox 858 1157 932 1216; x_wconf 88' lang='lat' dir='ltr'>sum,</span> <span class='ocrx_word' id='word_1_73' title='bbox 951 1138 1161 1216; x_wconf 89' lang='lat' dir='ltr'>sedquoniam</span> 
     </span>
     <span class='ocr_line' id='line_1_11' title="bbox 140 1226 1160 1303; baseline 0.002 -17"><span class='ocrx_word' id='word_1_74' title='bbox 140 1227 220 1288; x_wconf 48' lang='lat' dir='ltr'>,novi</span> <span class='ocrx_word' id='word_1_75' title='bbox 249 1226 325 1286; x_wconf 85' lang='lat' dir='ltr'>nihil</span> <span class='ocrx_word' id='word_1_76' title='bbox 355 1247 391 1286; x_wconf 91' lang='lat' dir='ltr'>ex</span> <span class='ocrx_word' id='word_1_77' title='bbox 420 1246 455 1286; x_wconf 91' lang='lat' dir='ltr'>eo</span> <span class='ocrx_word' id='word_1_78' title='bbox 483 1226 637 1303; x_wconf 79' lang='lat' dir='ltr'>discimus,</span> <span class='ocrx_word' id='word_1_79' title='bbox 671 1226 703 1285; x_wconf 88' lang='lat' dir='ltr'>id</span> <span class='ocrx_word' id='word_1_80' title='bbox 734 1227 790 1287; x_wconf 92' lang='lat' dir='ltr'>hoc</span> <span class='ocrx_word' id='word_1_81' title='bbox 821 1228 886 1288; x_wconf 90' lang='lat' dir='ltr'>loco</span> <span class='ocrx_word' id='word_1_82' title='bbox 917 1245 1160 1289; x_wconf 77' lang='lat' dir='ltr'>commemorasse</span> 
     </span>
     <span class='ocr_line' id='line_1_12' title="bbox 147 1317 310 1377; baseline -0.018 0"><span class='ocrx_word' id='word_1_83' title='bbox 147 1317 222 1377; x_wconf 87' lang='lat' dir='ltr'>satis</span> <span class='ocrx_word' id='word_1_84' title='bbox 242 1317 310 1375; x_wconf 84' lang='lat' dir='ltr'>erit</span> 
     </span>
    </p>

    <p class='ocr_par' dir='ltr' id='par_1_3' title="bbox 98 1402 1234 3699">
     <span class='ocr_line' id='line_1_13' title="bbox 216 1402 1160 1482; baseline 0 -19"><span class='ocrx_word' id='word_1_85' title='bbox 216 1403 463 1464; x_wconf 68' lang='lat' dir='ltr'>dinumeravimus</span> <span class='ocrx_word' id='word_1_86' title='bbox 485 1402 629 1462; x_wconf 87' lang='lat' dir='ltr'>hactenus</span> <span class='ocrx_word' id='word_1_87' title='bbox 651 1421 701 1463; x_wconf 89' lang='lat' dir='ltr'>eos</span> <span class='ocrx_word' id='word_1_88' title='bbox 720 1403 836 1463; x_wconf 90' lang='lat' dir='ltr'>codices</span> <span class='ocrx_word' id='word_1_89' title='bbox 853 1403 1062 1463; x_wconf 72' lang='lat' dir='ltr'>laurentianis</span> <span class='ocrx_word' id='word_1_90' title='bbox 1080 1405 1160 1482; x_wconf 80' lang='lat' dir='ltr'>frag-</span> 
     </span>
     <span class='ocr_line' id='line_1_14' title="bbox 140 1491 1161 1570; baseline 0.002 -19"><span class='ocrx_word' id='word_1_91' title='bbox 140 1493 256 1552; x_wconf 88' lang='lat' dir='ltr'>mentis</span> <span class='ocrx_word' id='word_1_92' title='bbox 279 1492 422 1568; x_wconf 89' lang='lat' dir='ltr'>repletos,</span> <span class='ocrx_word' id='word_1_93' title='bbox 452 1510 578 1568; x_wconf 90' lang='lat' dir='ltr'>quorum</span> <span class='ocrx_word' id='word_1_94' title='bbox 606 1491 722 1551; x_wconf 84' lang='lat' dir='ltr'>librarii</span> <span class='ocrx_word' id='word_1_95' title='bbox 752 1491 871 1570; x_wconf 80' lang='lat' dir='ltr'>singula</span> <span class='ocrx_word' id='word_1_96' title='bbox 897 1493 998 1569; x_wconf 88' lang='lat' dir='ltr'>capita</span> <span class='ocrx_word' id='word_1_97' title='bbox 1020 1493 1052 1551; x_wconf 91' lang='lat' dir='ltr'>in</span> <span class='ocrx_word' id='word_1_98' title='bbox 1073 1511 1161 1553; x_wconf 87' lang='lat' dir='ltr'>nsum</span> 
     </span>
     <span class='ocr_line' id='line_1_15' title="bbox 148 1579 1160 1660; baseline 0.002 -20"><span class='ocrx_word' id='word_1_99' title='bbox 148 1599 234 1640; x_wconf 84' lang='lat' dir='ltr'>suum</span> <span class='ocrx_word' id='word_1_100' title='bbox 256 1583 418 1660; x_wconf 58' lang='lat' dir='ltr'>venerumt,</span> <span class='ocrx_word' id='word_1_101' title='bbox 441 1581 504 1640; x_wconf 85' lang='lat' dir='ltr'>sive</span> <span class='ocrx_word' id='word_1_102' title='bbox 526 1583 562 1639; x_wconf 88' lang='lat' dir='ltr'>ut</span> <span class='ocrx_word' id='word_1_103' title='bbox 583 1579 730 1640; x_wconf 86' lang='lat' dir='ltr'>clementa</span> <span class='ocrx_word' id='word_1_104' title='bbox 749 1581 855 1640; x_wconf 86' lang='lat' dir='ltr'>fierent</span> <span class='ocrx_word' id='word_1_105' title='bbox 873 1580 1024 1641; x_wconf 86' lang='lat' dir='ltr'>doctrinae</span> <span class='ocrx_word' id='word_1_106' title='bbox 1043 1581 1160 1642; x_wconf 84' lang='lat' dir='ltr'>univcr-</span> 
     </span>
     <span class='ocr_line' id='line_1_16' title="bbox 147 1661 1161 1752; baseline 0.002 -24"><span class='ocrx_word' id='word_1_107' title='bbox 147 1670 219 1728; x_wconf 86' lang='lat' dir='ltr'>salis</span> <span class='ocrx_word' id='word_1_108' title='bbox 246 1661 288 1751; x_wconf 82' lang='lat' dir='ltr'>(R</span> <span class='ocrx_word' id='word_1_109' title='bbox 311 1661 399 1752; x_wconf 89' lang='lat' dir='ltr'>sim),</span> <span class='ocrx_word' id='word_1_110' title='bbox 431 1669 493 1729; x_wconf 82' lang='lat' dir='ltr'>sive</span> <span class='ocrx_word' id='word_1_111' title='bbox 522 1671 559 1728; x_wconf 87' lang='lat' dir='ltr'>ut</span> <span class='ocrx_word' id='word_1_112' title='bbox 587 1669 778 1730; x_wconf 76' lang='lat' dir='ltr'>astronomici</span> <span class='ocrx_word' id='word_1_113' title='bbox 807 1671 953 1730; x_wconf 84' lang='lat' dir='ltr'>tractatus</span> <span class='ocrx_word' id='word_1_114' title='bbox 984 1672 1161 1730; x_wconf 86' lang='lat' dir='ltr'>ornarentur</span> 
     </span>
     <span class='ocr_line' id='line_1_17' title="bbox 98 1745 1159 1842; baseline 0.003 -26"><span class='ocrx_word' id='word_1_115' title='bbox 98 1745 101 1756; x_wconf 80' lang='lat'>&#39;</span> <span class='ocrx_word' id='word_1_116' title='bbox 147 1758 284 1818; x_wconf 78' lang='lat' dir='ltr'>doctrina</span> <span class='ocrx_word' id='word_1_117' title='bbox 306 1758 388 1817; x_wconf 91' lang='lat' dir='ltr'>illius</span> <span class='ocrx_word' id='word_1_118' title='bbox 412 1749 459 1840; x_wconf 87' lang='lat' dir='ltr'>(P,</span> <span class='ocrx_word' id='word_1_119' title='bbox 473 1751 530 1842; x_wconf 81' lang='lat' dir='ltr'>H);</span> <span class='ocrx_word' id='word_1_120' title='bbox 553 1758 615 1817; x_wconf 87' lang='lat' dir='ltr'>iam</span> <span class='ocrx_word' id='word_1_121' title='bbox 636 1777 706 1818; x_wconf 81' lang='lat' dir='ltr'>vero</span> <span class='ocrx_word' id='word_1_122' title='bbox 729 1761 915 1818; x_wconf 88' lang='lat' dir='ltr'>transeamus</span> <span class='ocrx_word' id='word_1_123' title='bbox 938 1760 1045 1820; x_wconf 89' lang='lat' dir='ltr'>adeas</span> <span class='ocrx_word' id='word_1_124' title='bbox 1064 1759 1159 1836; x_wconf 88' lang='lat' dir='ltr'>epito-</span> 
     </span>
     <span class='ocr_line' id='line_1_18' title="bbox 146 1844 1159 1927; baseline 0.002 -21"><span class='ocrx_word' id='word_1_125' title='bbox 146 1865 224 1924; x_wconf 89' lang='lat' dir='ltr'>mas,</span> <span class='ocrx_word' id='word_1_126' title='bbox 255 1865 381 1923; x_wconf 83' lang='lat' dir='ltr'>quarum</span> <span class='ocrx_word' id='word_1_127' title='bbox 411 1844 547 1907; x_wconf 86' lang='lat' dir='ltr'>auctores</span> <span class='ocrx_word' id='word_1_128' title='bbox 573 1846 605 1906; x_wconf 91' lang='lat' dir='ltr'>id</span> <span class='ocrx_word' id='word_1_129' title='bbox 635 1850 772 1926; x_wconf 85' lang='lat' dir='ltr'>egerunt,</span> <span class='ocrx_word' id='word_1_130' title='bbox 805 1850 841 1907; x_wconf 89' lang='lat' dir='ltr'>ut</span> <span class='ocrx_word' id='word_1_131' title='bbox 869 1850 1020 1927; x_wconf 81' lang='lat' dir='ltr'>integrum</span> <span class='ocrx_word' id='word_1_132' title='bbox 1048 1848 1159 1908; x_wconf 90' lang='lat' dir='ltr'>librum</span> 
     </span>
     <span class='ocr_line' id='line_1_19' title="bbox 145 1933 1159 2017; baseline 0.004 -23"><span class='ocrx_word' id='word_1_133' title='bbox 145 1933 213 2017; x_wconf 80' lang='grc' dir='ltr'><strong><em>περὶ</em></strong></span> <span class='ocrx_word' id='word_1_134' title='bbox 234 1943 338 2014; x_wconf 72' lang='grc' dir='ltr'><strong><em>μηνῶν</em></strong></span> <span class='ocrx_word' id='word_1_135' title='bbox 355 1938 530 2013; x_wconf 75' lang='lat' dir='ltr'>perorarent</span> <span class='ocrx_word' id='word_1_136' title='bbox 553 1937 767 2014; x_wconf 73' lang='lat' dir='ltr'>enotarentqm</span> <span class='ocrx_word' id='word_1_137' title='bbox 786 1955 987 2014; x_wconf 85' lang='lat' dir='ltr'>quaecumque</span> <span class='ocrx_word' id='word_1_138' title='bbox 1014 1939 1159 1998; x_wconf 83' lang='lat' dir='ltr'>memoria</span> 
     </span>
     <span class='ocr_line' id='line_1_20' title="bbox 145 2025 1158 2103; baseline 0.002 -19"><span class='ocrx_word' id='word_1_139' title='bbox 145 2025 220 2102; x_wconf 90' lang='lat' dir='ltr'>ipsis</span> <span class='ocrx_word' id='word_1_140' title='bbox 245 2025 419 2084; x_wconf 84' lang='lat' dir='ltr'>viderentur</span> <span class='ocrx_word' id='word_1_141' title='bbox 449 2025 555 2103; x_wconf 83' lang='lat' dir='ltr'>digna:</span> <span class='ocrx_word' id='word_1_142' title='bbox 599 2025 656 2084; x_wconf 89' lang='lat' dir='ltr'>hae</span> <span class='ocrx_word' id='word_1_143' title='bbox 693 2027 773 2086; x_wconf 93' lang='lat' dir='ltr'>enim</span> <span class='ocrx_word' id='word_1_144' title='bbox 808 2028 894 2086; x_wconf 89' lang='lat' dir='ltr'>solae·</span> <span class='ocrx_word' id='word_1_145' title='bbox 922 2045 991 2086; x_wconf 85' lang='lat' dir='ltr'>vere</span> <span class='ocrx_word' id='word_1_146' title='bbox 1024 2026 1158 2088; x_wconf 92' lang='lat' dir='ltr'>codicum</span> 
     </span>
     <span class='ocr_line' id='line_1_21' title="bbox 139 2109 1157 2195; baseline 0.007 -27"><span class='ocrx_word' id='word_1_147' title='bbox 139 2114 417 2174; x_wconf 69' lang='lat' dir='ltr'>,Laurentianorum</span> <span class='ocrx_word' id='word_1_148' title='bbox 438 2114 623 2175; x_wconf 81' lang='lat' dir='ltr'>recensiones</span> <span class='ocrx_word' id='word_1_149' title='bbox 645 2109 772 2195; x_wconf 76' lang='lat' dir='ltr'>possunt</span> <span class='ocrx_word' id='word_1_150' title='bbox 795 2115 861 2174; x_wconf 83' lang='lat' dir='ltr'>dici</span> <span class='ocrx_word' id='word_1_151' title='bbox 907 2133 1033 2190; x_wconf 90' lang='lat' dir='ltr'>quarum</span> <span class='ocrx_word' id='word_1_152' title='bbox 1050 2115 1157 2194; x_wconf 87' lang='lat' dir='ltr'>prima,</span> 
     </span>
     <span class='ocr_line' id='line_1_22' title="bbox 145 2202 1156 2296; baseline 0 -34"><span class='ocrx_word' id='word_1_153' title='bbox 145 2205 178 2262; x_wconf 93' lang='lat' dir='ltr'>et</span> <span class='ocrx_word' id='word_1_154' title='bbox 199 2202 265 2280; x_wconf 87' lang='lat' dir='ltr'>ipsa</span> <span class='ocrx_word' id='word_1_155' title='bbox 287 2202 393 2281; x_wconf 81' lang='lat' dir='ltr'>ignote</span> <span class='ocrx_word' id='word_1_156' title='bbox 420 2202 528 2280; x_wconf 84' lang='lat' dir='ltr'>adhue,</span> <span class='ocrx_word' id='word_1_157' title='bbox 560 2205 765 2296; x_wconf 67' lang='lat' dir='ltr'>excerptorum</span> <span class='ocrx_word' id='word_1_158' title='bbox 787 2203 924 2263; x_wconf 89' lang='lat' dir='ltr'>collectio</span> <span class='ocrx_word' id='word_1_159' title='bbox 948 2206 993 2263; x_wconf 87' lang='lat' dir='ltr'>est</span> <span class='ocrx_word' id='word_1_160' title='bbox 1020 2203 1066 2263; x_wconf 20' lang='lat' dir='ltr'>ab,</span> <span class='ocrx_word' id='word_1_161' title='bbox 1086 2221 1156 2262; x_wconf 89' lang='lat' dir='ltr'>auo-</span> 
     </span>
     <span class='ocr_line' id='line_1_23' title="bbox 138 2289 1234 2368; baseline 0.002 -19"><span class='ocrx_word' id='word_1_162' title='bbox 138 2310 235 2368; x_wconf 84' lang='lat' dir='ltr'>·nymo</span> <span class='ocrx_word' id='word_1_163' title='bbox 258 2290 388 2367; x_wconf 87' lang='lat' dir='ltr'>quodam</span> <span class='ocrx_word' id='word_1_164' title='bbox 410 2289 590 2367; x_wconf 86' lang='lat' dir='ltr'>conscripta,</span> <span class='ocrx_word' id='word_1_165' title='bbox 620 2310 711 2368; x_wconf 88' lang='lat' dir='ltr'>quam</span> <span class='ocrx_word' id='word_1_166' title='bbox 743 2293 874 2352; x_wconf 84' lang='lat' dir='ltr'>servavit</span> <span class='ocrx_word' id='word_1_167' title='bbox 900 2293 992 2351; x_wconf 86' lang='lat' dir='ltr'>codex</span> <span class='ocrx_word' id='word_1_168' title='bbox 1015 2291 1156 2352; x_wconf 79' lang='lat' dir='ltr'>Scoria·</span> <span class='ocrx_word' id='word_1_169' title='bbox 1184 2315 1234 2346; x_wconf 79' lang='lat' dir='ltr'>co.</span> 
     </span>
     <span class='ocr_line' id='line_1_24' title="bbox 144 2379 1156 2440; baseline 0.001 -1"><span class='ocrx_word' id='word_1_170' title='bbox 144 2379 258 2440; x_wconf 89' lang='lat' dir='ltr'>lensis</span> <span class='ocrx_word' id='word_1_171' title='bbox 284 2379 478 2439; x_wconf 84' lang='grc' dir='ltr'>Φ-ΠΙ-Ι,</span> <span class='ocrx_word' id='word_1_172' title='bbox 524 2379 696 2438; x_wconf 85' lang='lat' dir='ltr'>adverterat</span> <span class='ocrx_word' id='word_1_173' title='bbox 721 2382 822 2439; x_wconf 88' lang='lat' dir='ltr'>autem</span> <span class='ocrx_word' id='word_1_174' title='bbox 849 2379 982 2439; x_wconf 89' lang='lat' dir='ltr'>animum</span> <span class='ocrx_word' id='word_1_175' title='bbox 995 2383 1103 2440; x_wconf 68' lang='lat' dir='ltr'>&#39;meum</span> <span class='ocrx_word' id='word_1_176' title='bbox 1124 2381 1156 2440; x_wconf 92' lang='lat' dir='ltr'>in</span> 
     </span>
     <span class='ocr_line' id='line_1_25' title="bbox 144 2466 1157 2547; baseline 0 -18"><span class='ocrx_word' id='word_1_177' title='bbox 144 2466 276 2530; x_wconf 89' lang='lat' dir='ltr'>codicem</span> <span class='ocrx_word' id='word_1_178' title='bbox 297 2467 384 2528; x_wconf 87' lang='lat' dir='ltr'>illum</span> <span class='ocrx_word' id='word_1_179' title='bbox 406 2467 567 2544; x_wconf 84' lang='lat' dir='ltr'>descriptio</span> <span class='ocrx_word' id='word_1_180' title='bbox 589 2467 708 2545; x_wconf 87' lang='lat' dir='ltr'>Milleri,</span> <span class='ocrx_word' id='word_1_181' title='bbox 730 2468 782 2546; x_wconf 87' lang='lat' dir='ltr'>qui</span> <span class='ocrx_word' id='word_1_182' title='bbox 804 2469 836 2528; x_wconf 92' lang='lat' dir='ltr'>in</span> <span class='ocrx_word' id='word_1_183' title='bbox 858 2467 1000 2547; x_wconf 81' lang='lat' dir='ltr'>Oalalogo</span> <span class='ocrx_word' id='word_1_184' title='bbox 1023 2468 1157 2530; x_wconf 90' lang='lat' dir='ltr'>codicum</span> 
     </span>
     <span class='ocr_line' id='line_1_26' title="bbox 138 2556 1156 2639; baseline 0.002 -22"><span class='ocrx_word' id='word_1_185' title='bbox 138 2576 237 2617; x_wconf 48' lang='lat' dir='ltr'>¹mauu</span> <span class='ocrx_word' id='word_1_186' title='bbox 254 2557 433 2635; x_wconf 83' lang='lat' dir='ltr'>scriptorum</span> <span class='ocrx_word' id='word_1_187' title='bbox 447 2576 621 2636; x_wconf 80' lang='lat' dir='ltr'>graecorum</span> <span class='ocrx_word' id='word_1_188' title='bbox 640 2556 871 2617; x_wconf 83' lang='lat' dir='ltr'>Scorialensium</span> <span class='ocrx_word' id='word_1_189' title='bbox 883 2577 911 2634; x_wconf 89' lang='lat' dir='ltr'>p.</span> <span class='ocrx_word' id='word_1_190' title='bbox 928 2556 992 2618; x_wconf 79' lang='lat'>174</span> <span class='ocrx_word' id='word_1_191' title='bbox 1006 2559 1156 2639; x_wconf 80' lang='lat' dir='ltr'>narrabat,</span> 
     </span>
     <span class='ocr_line' id='line_1_27' title="bbox 143 2644 1156 2725; baseline 0.002 -19"><span class='ocrx_word' id='word_1_192' title='bbox 143 2645 274 2723; x_wconf 88' lang='lat' dir='ltr'>incipere</span> <span class='ocrx_word' id='word_1_193' title='bbox 305 2647 338 2705; x_wconf 92' lang='lat' dir='ltr'>in</span> <span class='ocrx_word' id='word_1_194' title='bbox 367 2646 455 2706; x_wconf 88' lang='lat' dir='ltr'>huius</span> <span class='ocrx_word' id='word_1_195' title='bbox 487 2645 596 2716; x_wconf 89' lang='lat' dir='ltr'>codicis</span> <span class='ocrx_word' id='word_1_196' title='bbox 627 2646 701 2706; x_wconf 87' lang='lat' dir='ltr'>folio</span> <span class='ocrx_word' id='word_1_197' title='bbox 726 2649 810 2708; x_wconf 80' lang='lat' dir='ltr'>107v</span> <span class='ocrx_word' id='word_1_198' title='bbox 832 2647 1002 2725; x_wconf 83' lang='lat' dir='ltr'>fragmenta</span> <span class='ocrx_word' id='word_1_199' title='bbox 1034 2644 1066 2706; x_wconf 77' lang='grc' dir='ltr'>ἐν</span> <span class='ocrx_word' id='word_1_200' title='bbox 1097 2656 1156 2708; x_wconf 77' lang='grc' dir='ltr'>τῶν</span> 
     </span>
     <span class='ocr_line' id='line_1_28' title="bbox 137 2734 1155 2816; baseline 0.002 -21"><span class='ocrx_word' id='word_1_201' title='bbox 137 2743 196 2796; x_wconf 66' lang='grc' dir='ltr'>’τοῦ</span> <span class='ocrx_word' id='word_1_202' title='bbox 209 2734 406 2816; x_wconf 80' lang='grc' dir='ltr'><strong><em>Λανρεννίον,</em></strong></span> <span class='ocrx_word' id='word_1_203' title='bbox 420 2735 590 2813; x_wconf 81' lang='lat' dir='ltr'>primosque</span> <span class='ocrx_word' id='word_1_204' title='bbox 604 2736 691 2796; x_wconf 90' lang='lat' dir='ltr'>huius</span> <span class='ocrx_word' id='word_1_205' title='bbox 711 2735 859 2814; x_wconf 89' lang='lat' dir='ltr'>epitomae</span> <span class='ocrx_word' id='word_1_206' title='bbox 872 2754 977 2796; x_wconf 87' lang='lat' dir='ltr'>versus</span> <span class='ocrx_word' id='word_1_207' title='bbox 992 2737 1155 2813; x_wconf 86' lang='lat' dir='ltr'>exscripsit.</span> 
     </span>
     <span class='ocr_line' id='line_1_29' title="bbox 143 2823 1155 2904; baseline 0.002 -22"><span class='ocrx_word' id='word_1_208' title='bbox 143 2843 271 2900; x_wconf 89' lang='lat' dir='ltr'>quorum</span> <span class='ocrx_word' id='word_1_209' title='bbox 293 2843 363 2884; x_wconf 90' lang='lat' dir='ltr'>oum</span> <span class='ocrx_word' id='word_1_210' title='bbox 383 2823 501 2901; x_wconf 89' lang='lat' dir='ltr'>plenior</span> <span class='ocrx_word' id='word_1_211' title='bbox 522 2824 680 2886; x_wconf 83' lang='lat' dir='ltr'>verborum</span> <span class='ocrx_word' id='word_1_212' title='bbox 703 2825 789 2902; x_wconf 90' lang='lat' dir='ltr'>copia</span> <span class='ocrx_word' id='word_1_213' title='bbox 808 2827 893 2904; x_wconf 82' lang='lat' dir='ltr'>esset,</span> <span class='ocrx_word' id='word_1_214' title='bbox 917 2844 1006 2901; x_wconf 89' lang='lat' dir='ltr'>quam</span> <span class='ocrx_word' id='word_1_215' title='bbox 1029 2826 1155 2902; x_wconf 90' lang='lat' dir='ltr'>quaein</span> 
     </span>
     <span class='ocr_line' id='line_1_30' title="bbox 142 2911 1155 2991; baseline 0.001 -19"><span class='ocrx_word' id='word_1_216' title='bbox 142 2912 268 2989; x_wconf 90' lang='lat' dir='ltr'>reliquis</span> <span class='ocrx_word' id='word_1_217' title='bbox 292 2911 448 2991; x_wconf 81' lang='lat' dir='ltr'>legebatur</span> <span class='ocrx_word' id='word_1_218' title='bbox 470 2911 604 2972; x_wconf 89' lang='lat' dir='ltr'>codicum</span> <span class='ocrx_word' id='word_1_219' title='bbox 625 2913 858 2991; x_wconf 89' lang='lat' dir='ltr'>recensionibus,</span> <span class='ocrx_word' id='word_1_220' title='bbox 880 2933 935 2990; x_wconf 88' lang='lat' dir='ltr'>per</span> <span class='ocrx_word' id='word_1_221' title='bbox 952 2914 1070 2974; x_wconf 88' lang='lat' dir='ltr'>litteras</span> <span class='ocrx_word' id='word_1_222' title='bbox 1094 2913 1155 2973; x_wconf 89' lang='lat' dir='ltr'>adii</span> 
     </span>
     <span class='ocr_line' id='line_1_31' title="bbox 142 3000 1156 3079; baseline -0.003 -16"><span class='ocrx_word' id='word_1_223' title='bbox 142 3000 370 3063; x_wconf 88' lang='lat' dir='ltr'>Mordauntium</span> <span class='ocrx_word' id='word_1_224' title='bbox 406 3001 559 3078; x_wconf 84' lang='lat' dir='ltr'>Barnard,</span> <span class='ocrx_word' id='word_1_225' title='bbox 599 3002 698 3062; x_wconf 80' lang='lat' dir='ltr'>virum</span> <span class='ocrx_word' id='word_1_226' title='bbox 736 3002 855 3062; x_wconf 88' lang='lat' dir='ltr'>doctum</span> <span class='ocrx_word' id='word_1_227' title='bbox 889 3001 1063 3078; x_wconf 89' lang='lat' dir='ltr'>Britanum,</span> <span class='ocrx_word' id='word_1_228' title='bbox 1101 3002 1156 3079; x_wconf 87' lang='lat' dir='ltr'>qui</span> 
     </span>
     <span class='ocr_line' id='line_1_32' title="bbox 141 3089 1154 3166; baseline -0.001 -17"><span class='ocrx_word' id='word_1_229' title='bbox 141 3091 207 3149; x_wconf 87' lang='lat' dir='ltr'>tum</span> <span class='ocrx_word' id='word_1_230' title='bbox 238 3089 270 3148; x_wconf 89' lang='lat' dir='ltr'>in</span> <span class='ocrx_word' id='word_1_231' title='bbox 298 3090 480 3149; x_wconf 87' lang='lat' dir='ltr'>monasterio</span> <span class='ocrx_word' id='word_1_232' title='bbox 511 3090 688 3151; x_wconf 83' lang='lat' dir='ltr'>Scorialensi</span> <span class='ocrx_word' id='word_1_233' title='bbox 719 3091 854 3150; x_wconf 87' lang='lat' dir='ltr'>codicum</span> <span class='ocrx_word' id='word_1_234' title='bbox 869 3135 871 3140; x_wconf 83' lang='lat'>-</span> <span class='ocrx_word' id='word_1_235' title='bbox 887 3091 987 3150; x_wconf 88' lang='lat' dir='ltr'>studio</span> <span class='ocrx_word' id='word_1_236' title='bbox 1018 3089 1154 3166; x_wconf 85' lang='lat' dir='ltr'>vacabat,</span> 
     </span>
     <span class='ocr_line' id='line_1_33' title="bbox 142 3178 1154 3257; baseline -0.001 -20"><span class='ocrx_word' id='word_1_237' title='bbox 142 3197 269 3255; x_wconf 89' lang='lat' dir='ltr'>eumque</span> <span class='ocrx_word' id='word_1_238' title='bbox 282 3179 396 3257; x_wconf 82' lang='lat' dir='ltr'>rogavi,</span> <span class='ocrx_word' id='word_1_239' title='bbox 409 3178 588 3248; x_wconf 86' lang='lat' dir='ltr'>utocdicem</span> <span class='ocrx_word' id='word_1_240' title='bbox 605 3180 638 3239; x_wconf 91' lang='lat' dir='ltr'>in</span> <span class='ocrx_word' id='word_1_241' title='bbox 655 3199 743 3240; x_wconf 91' lang='lat' dir='ltr'>usum</span> <span class='ocrx_word' id='word_1_242' title='bbox 759 3200 859 3240; x_wconf 90' lang='lat' dir='ltr'>meum</span> <span class='ocrx_word' id='word_1_243' title='bbox 877 3180 1033 3240; x_wconf 87' lang='lat' dir='ltr'>evolveret.</span> <span class='ocrx_word' id='word_1_244' title='bbox 1071 3178 1154 3237; x_wconf 90' lang='lat' dir='ltr'>cuius</span> 
     </span>
     <span class='ocr_line' id='line_1_34' title="bbox 141 3266 1154 3346; baseline 0 -20"><span class='ocrx_word' id='word_1_245' title='bbox 141 3266 269 3346; x_wconf 83' lang='lat' dir='ltr'>benigno</span> <span class='ocrx_word' id='word_1_246' title='bbox 303 3286 445 3345; x_wconf 89' lang='lat' dir='ltr'>responso</span> <span class='ocrx_word' id='word_1_247' title='bbox 480 3267 656 3328; x_wconf 89' lang='lat' dir='ltr'>firmabatur</span> <span class='ocrx_word' id='word_1_248' title='bbox 691 3268 792 3346; x_wconf 90' lang='lat' dir='ltr'>opinio</span> <span class='ocrx_word' id='word_1_249' title='bbox 828 3288 907 3346; x_wconf 89' lang='lat' dir='ltr'>mea,</span> <span class='ocrx_word' id='word_1_250' title='bbox 944 3285 1050 3344; x_wconf 80' lang='lat' dir='ltr'>operae</span> <span class='ocrx_word' id='word_1_251' title='bbox 1092 3285 1154 3326; x_wconf 90' lang='lat' dir='ltr'>csse</span> 
     </span>
     <span class='ocr_line' id='line_1_35' title="bbox 136 3353 1154 3435; baseline 0.007 -24"><span class='ocrx_word' id='word_1_252' title='bbox 136 3356 284 3435; x_wconf 87' lang='lat' dir='ltr'>pretium,</span> <span class='ocrx_word' id='word_1_253' title='bbox 316 3356 390 3416; x_wconf 87' lang='lat' dir='ltr'>folia</span> <span class='ocrx_word' id='word_1_254' title='bbox 420 3357 492 3433; x_wconf 90' lang='lat' dir='ltr'>ista,</span> <span class='ocrx_word' id='word_1_255' title='bbox 525 3356 633 3434; x_wconf 91' lang='lat' dir='ltr'>quibus</span> <span class='ocrx_word' id='word_1_256' title='bbox 657 3357 886 3417; x_wconf 87' lang='lat' dir='ltr'>continebantur</span> <span class='ocrx_word' id='word_1_257' title='bbox 907 3353 942 3415; x_wconf 80' lang='lat' dir='ltr'>ric</span> <span class='ocrx_word' id='word_1_258' title='bbox 965 3353 997 3414; x_wconf 81' lang='grc' dir='ltr'>ἐκ</span> <span class='ocrx_word' id='word_1_259' title='bbox 1019 3362 1078 3415; x_wconf 82' lang='grc' dir='ltr'>τῶν</span> <span class='ocrx_word' id='word_1_260' title='bbox 1100 3364 1154 3418; x_wconf 80' lang='grc' dir='ltr'>τοῦ</span> 
     </span>
     <span class='ocr_line' id='line_1_36' title="bbox 140 3439 1153 3525; baseline 0.001 -21"><span class='ocrx_word' id='word_1_261' title='bbox 140 3444 338 3525; x_wconf 80' lang='grc' dir='ltr'><strong><em>Λανρεντίου,</em></strong></span> <span class='ocrx_word' id='word_1_262' title='bbox 361 3445 530 3505; x_wconf 85' lang='lat' dir='ltr'>accuratius</span> <span class='ocrx_word' id='word_1_263' title='bbox 550 3439 729 3523; x_wconf 82' lang='lat' dir='ltr'>perquirere.</span> <span class='ocrx_word' id='word_1_264' title='bbox 766 3463 862 3523; x_wconf 88' lang='lat' dir='ltr'>neque</span> <span class='ocrx_word' id='word_1_265' title='bbox 880 3464 927 3503; x_wconf 92' lang='lat' dir='ltr'>me</span> <span class='ocrx_word' id='word_1_266' title='bbox 946 3461 1012 3520; x_wconf 91' lang='lat' dir='ltr'>spes</span> <span class='ocrx_word' id='word_1_267' title='bbox 1031 3444 1153 3505; x_wconf 86' lang='lat' dir='ltr'>fefellit:</span> 
     </span>
     <span class='ocr_line' id='line_1_37' title="bbox 137 3531 1152 3612; baseline 0 -19"><span class='ocrx_word' id='word_1_268' title='bbox 137 3533 261 3610; x_wconf 63' lang='lat' dir='ltr'>vuberem</span> <span class='ocrx_word' id='word_1_269' title='bbox 292 3534 371 3594; x_wconf 92' lang='lat' dir='ltr'>enim</span> <span class='ocrx_word' id='word_1_270' title='bbox 399 3535 530 3594; x_wconf 86' lang='lat' dir='ltr'>fructum</span> <span class='ocrx_word' id='word_1_271' title='bbox 553 3554 569 3594; x_wconf 89' lang='lat' dir='ltr'>e</span> <span class='ocrx_word' id='word_1_272' title='bbox 593 3534 692 3594; x_wconf 91' lang='lat' dir='ltr'>codice</span> <span class='ocrx_word' id='word_1_273' title='bbox 721 3533 774 3594; x_wconf 91' lang='lat' dir='ltr'>illo</span> <span class='ocrx_word' id='word_1_274' title='bbox 800 3531 1001 3594; x_wconf 82' lang='lat' dir='ltr'>o-m—1</span> <span class='ocrx_word' id='word_1_275' title='bbox 1026 3534 1152 3612; x_wconf 86' lang='lat' dir='ltr'>percepi,</span> 
     </span>
     <span class='ocr_line' id='line_1_38' title="bbox 142 3621 1154 3699; baseline 0.001 -17"><span class='ocrx_word' id='word_1_276' title='bbox 142 3625 303 3699; x_wconf 88' lang='lat' dir='ltr'>postquam</span> <span class='ocrx_word' id='word_1_277' title='bbox 335 3626 404 3683; x_wconf 90' lang='lat' dir='ltr'>ante</span> <span class='ocrx_word' id='word_1_278' title='bbox 436 3623 490 3682; x_wconf 94' lang='lat' dir='ltr'>hos</span> <span class='ocrx_word' id='word_1_279' title='bbox 527 3623 600 3682; x_wconf 89' lang='lat' dir='ltr'>duos</span> <span class='ocrx_word' id='word_1_280' title='bbox 632 3642 725 3684; x_wconf 89' lang='lat' dir='ltr'>annos</span> <span class='ocrx_word' id='word_1_281' title='bbox 758 3623 796 3682; x_wconf 91' lang='lat' dir='ltr'>ad</span> <span class='ocrx_word' id='word_1_282' title='bbox 827 3621 1038 3684; x_wconf 87' lang='lat' dir='ltr'>bibliothecam</span> <span class='ocrx_word' id='word_1_283' title='bbox 1069 3624 1154 3683; x_wconf 86' lang='lat' dir='ltr'>illem</span> 
     </span>
    </p>
   </div>
   <div class='ocr_carea' id='block_1_3' title="bbox 0 0 1398 4222">
    <p class='ocr_par' dir='ltr' id='par_1_4' title="bbox 0 0 1398 4222">
     <span class='ocr_line' id='line_1_39' title="bbox 0 0 1398 4222; baseline 0 4"><span class='ocrx_word' id='word_1_284' title='bbox 0 0 1398 4222; x_wconf 95' lang='lat' dir='ltr'> </span> 
     </span>
    </p>
   </div>
  </div>
 </body>
</html>
