2760 4234
405 283 512 336 LIBER
530 282 705 348 QUARTUS.
734 284 895 340 MARTIUS
1088 286 1150 349 107

143 446 212 512 ὑπὸ
240 455 307 512 τῶν
333 446 482 512 Τιτάνων
508 446 750 532 σπαραχθέντα.
796 446 930 533 φέρεται
957 445 995 513 66
1022 452 1080 512 καί
1103 459 1191 525 τιςΧ

146 559 256 637 μῦθος
277 550 353 638 περὶ
375 551 478 620 αὐτοῦ
500 555 581 620 κατὰ
603 555 662 618 τὸν
678 551 940 640 Ἀπολλόδωρον,
963 555 1007 630 όις
1030 561 1080 638 είη
1098 577 1151 637 με-

146 659 253 742 μονὼς
276 657 311 723 έκ
333 659 417 734 Διὸς
438 656 494 726 καὶ
518 661 599 744 Γής,
625 668 683 743 τής
705 656 743 724 δὲ
766 663 833 744 Γῆς
857 659 1002 745 Θεμέλης
1028 678 1152 746 προσα-

145 763 367 850 γορευομένης
396 766 452 830 όιά
481 767 518 831 τὸ
549 768 596 843 εἰς
624 765 728 849 αὐτήν
757 768 865 832 πάντα
896 773 1152 852 καταθεμελιοῦ-

146 880 239 955 σθαι,
261 871 303 954 ήν
325 872 407 936 κατά
429 873 641 955 συναλλαμήν
660 870 733 948 ἑνὸς
753 877 928 957 στοιχείου,
950 883 1011 939 τοῦ
1029 877 1065 957 3,
1088 879 1152 939 Σε-
1179 899 1191 939 5

146 976 250 1061 μέλην
272 979 305 1042 ολ
322 975 455 1060 ποιηταὶ
477 978 770 1063 προσημορεύκασι.
806 981 888 1043 κατὰ
906 975 944 1044 δὲ
961 982 1040 1057 τοὺς
1057 1002 1151 1065 ποιη-

145 1085 202 1160 τάς
224 1087 389 1150 Διόνυσοι
411 1081 520 1148 πέντε·
542 1095 671 1168 πρῶτος
693 1084 777 1159 Διὸς
799 1082 854 1148 καὶ
874 1086 1053 1170 Λυσιθέας,
1077 1089 1151 1152 δεύ-

145 1213 239 1275 τερος
262 1189 279 1255 6
303 1193 440 1273 Νείλου,
466 1189 483 1254 6
506 1187 561 1253 καὶ
584 1190 781 1272 βασιλεύσας
804 1191 932 1274 Λιβύης
954 1190 1008 1255 καὶ
1032 1194 1151 1258 Αόθιο-

145 1300 223 1372 πίας
245 1294 300 1361 καὶ
326 1294 494 1381 Ἀραβίας·
526 1299 635 1379 τρίτος
657 1298 826 1380 Καβείρου
855 1307 943 1379 παῖς,
975 1298 1065 1372 ὅστις
1094 1307 1151 1382 της

142 1400 294 1486 (Ἀσίας)
317 1401 521 1484 ἐβασίλευσε,
548 1398 604 1484 ἀφ’
628 1395 669 1466 οὗ
696 1400 716 1484 ή
740 1402 921 1485 Καβειριιιή
949 1407 1073 1487 τελετή·
1099 1403 1151 1469 τέ·
1164 1430 1190 1468 ιο

144 1532 263 1593 ταρτος
285 1508 303 1572 6
326 1508 410 1582 Διὸς
437 1504 492 1571 καὶ
515 1505 678 1591 Σεμέλης,
707 1498 733 1594 ᾧ
760 1509 800 1571 τὰ
818 1505 962 1593 Ὀρφέος
989 1510 1152 1593 μυστήρια

148 1613 297 1696 ἐτελεῖτο,
320 1612 375 1678 καὶ
396 1610 454 1697 ὑφ’
474 1607 514 1680 οὗ
532 1607 624 1690 οἶνος
647 1613 823 1698 έκεράσόη·
845 1612 990 1698 πέμπτος
1008 1614 1026 1679 6
1041 1618 1152 1680 Νίσου

144 1718 200 1784 καὶ
224 1721 373 1804 Θυώνης,
401 1719 438 1796 ὃς
459 1718 623 1798 κατέδειξε
648 1721 846 1806 τριετηρίόα.
890 1719 945 1786 καὶ
967 1730 1069 1786 ταῦτα
1091 1718 1153 1805 μὲν

147 1828 180 1892 ολ
195 1825 364 1910 Ἕλληνες·
390 1828 422 1892 οἱ
444 1825 485 1892 δέ
504 1850 541 1909 με
560 1825 710 1910 Ῥωμαῖοι
732 1827 792 1892 τὸν
814 1829 985 1896 Διόνυσον
1009 1832 1152 1911 Βακχευ-

146 1934 207 2017 τήν
229 1943 289 1998 τοῦ
307 1936 521 2018 Κιθαιρῶνός
539 1950 653 2017 φασιν,
677 1931 780 2002 οἱονεὶ
798 1934 982 2016 βακχευτήν
999 1932 1054 1998 καί
1072 1933 1151 1999 άνα-
1165 1959 1191 2000 15

145 2039 303 2126 τρέχοντα
321 2039 384 2106 άνά
402 2041 462 2106 τὸν
479 2039 635 2123 οὐρανόν,
658 2039 741 2122 <ὃν>
761 2039 796 2106 ἐκ
814 2049 871 2124 της
892 2051 961 2106 τῶν
977 2037 1057 2105 ἑπτά
1070 2058 1152 2125 συμ-

143 2151 271 2232 φονίας
302 2145 449 2232 ἀστέρων
479 2147 665 2230 Κιόάροινα
696 2146 887 2231 ὠνόμασαν·
920 2147 1003 2212 ὅθεν
1030 2146 1149 2232 Ἑρμῆς
1163 2157 1211 2210 XS

142 2255 289 2339 κιθάραν
312 2254 428 2318 όίόοτσι
451 2264 615 2337 μυστικῶς
635 2260 680 2339 τῷ
700 2251 892 2336 Ἀπόλλωνι,
915 2245 989 2322 οἷον
1012 2252 1030 2322 6
1054 2255 1151 2334 λόγος

144 2367 191 2446 τςό
217 2359 299 2446 ήλίῳ
325 2359 386 2441 τήν
408 2368 468 2424 τοῦ
490 2360 614 2435 παντὸς
636 2359 807 2445 ἁρμονίαν.
859 2357 895 2423 έν
917 2358 1091 2445 ἀπορρήτῳ
1114 2355 1152 2422 66
1165 2369 1191 2422 X

145 2473 193 2552 τῷ
210 2465 368 2552 Διονύσῳ
389 2466 431 2529 τά
453 2467 617 2550 μυστήρια
639 2465 789 2547 ἐτελεῖτο,
813 2465 869 2529 όιά
891 2465 928 2529 τὸ
951 2474 1054 2529 πᾶσιν
1072 2463 1151 2530 άπό-
1164 2493 1190 2532 ιο

146 2595 279 2657 κρυῳον
309 2566 395 2638 εἶναι
424 2572 486 2654 τήν
514 2580 575 2636 τοῦ
605 2571 703 2654 ἡλίου
735 2571 819 2656 πρὸς
852 2571 913 2654 τήν
942 2580 1002 2640 τοῦ
1029 2573 1152 2648 παντὸς

216 2782 241 2818 v.
257 2770 272 2820 2
291 2763 420 2836 Apollod.
439 2763 492 2836 frg.
509 2770 541 2820 29
561 2762 668 2820 FHGI
685 2781 712 2836 p.
727 2767 779 2818 438

214 2947 269 2994 v.8
290 2941 304 2995 6
323 2938 426 3012 νείλου]
446 2938 479 2995 ὃν
498 2937 646 2995 swam
718 2946 800 2995 9και
820 2938 882 3009 ίρου
896 2941 922 2994 Α
997 2946 1029 2993 10
1047 2941 1151 2993 lacuna

143 3013 301 3067 litterarum
329 3014 463 3080 quattuor
489 3012 546 3082 (A)
575 3014 625 3065 ποῖ
651 3011 748 3064 decem
774 3014 785 3081 (
816 3031 836 3081 ¹,
860 3009 950 3074 Ἀσίας
976 3027 992 3064 e
1020 3010 1150 3066 Cicerone

143 3085 180 3140 de
202 3087 260 3140 nat
284 3083 359 3138 deor.
379 3083 430 3151 ΠΙ,
450 3088 484 3136 58
508 3081 648 3156 supplevit
670 3081 800 3139 Creuzer:
828 3084 937 3138 tertium
977 3082 1148 3204 Βίοκμεκιρῳ

145 3155 246 3224 Οαμνίο
264 3160 353 3222 μακε,
375 3171 486 3222 eumque
507 3171 595 3224 τιμινι
612 3153 697 3206 Asiae
715 3154 869 3220 praefuisse
887 3154 984 3206 ἀλοινιιῖ
1060 3158 1090 3204 11
1119 3151 1150 3232 t]

144 3223 184 3281 ὧν
198 3227 236 3294 Χ,
255 3242 323 3279 corr.
339 3223 455 3278 Creuzer
528 3230 560 3277 12
579 3222 664 3278 νόσου
682 3224 731 3276 καὶ
748 3220 854 3291 όυένης
867 3223 895 3276 Β
968 3228 1000 3274 16
1020 3219 1053 3275 όν
1071 3237 1149 3275 0m1s.

144 3298 183 3364 Χ,
201 3295 291 3368 suppL
309 3296 352 3351 λῖν
423 3301 456 3352 17
475 3293 518 3350 ότι
537 3295 552 3352 6
567 3293 651 3364 ἑρμῆς
663 3326 698 3336 -—
714 3298 746 3348 19
765 3290 903 3362 ἁρμονίαν
917 3292 945 3361 S,
964 3291 1048 3361 ἑρμῆς
1066 3292 1149 3346 καθά-

143 3389 198 3438 ραν
212 3401 245 3407 -
262 3373 295 3420 19
315 3363 453 3434 ἁρμονίαν
475 3365 640 3420 Lambeeius
663 3364 693 3417 in
716 3364 853 3418 Codinum
874 3382 901 3433 p.
918 3368 968 3416 152
987 3381 1027 3415 nr.
1043 3369 1090 3431 27;
1114 3364 1147 3418 cf.

143 3439 201 3493 Rs.
217 3445 257 3492 3¹:
276 3436 402 3505 κιθάραν
420 3436 465 3491 ἐπὶ
479 3446 577 3507 χειρῶν
590 3435 739 3491 πλάττουσι
752 3444 801 3489 τοῦ
815 3432 983 3501 άπόλλωνος,
1002 3433 1088 3488 οἱονεὶ
1100 3435 1149 3490 τὸν

140 3509 222 3635 ilum
239 3509 291 3578 τήν
313 3516 362 3562 τοῦ
387 3507 493 3570 παντὸς
516 3505 667 3577 ἁρμονίαν·
694 3508 862 3575 κιρνάμευος
886 3504 939 3575 γὰρ
962 3514 1022 3566 τοῖς
1043 3507 1150 3569 λοιποῖς

165 3598 196 3634 ατ
213 3579 259 3634 άσι
278 3580 326 3634 κοιλ
343 3576 429 3633 τίκτει
447 3580 495 3633 καλ
518 3581 649 3650 ζωογονεῖ
723 3583 756 3631 18
775 3581 901 3646 μυθικῶς
920 3577 951 3630 Χ
972 3576 976 3648 Ι
999 3574 1085 3632 οἱονεί
1102 3577 1125 3634 S
1143 3578 1147 3650 Ι

143 3651 159 3706 6
179 3601 258 3721 λόγος
275 3650 354 3706 omis,
374 3649 396 3704 S
