2788 4222
223 201 288 267 VIII
625 209 829 266 PRAEFATIO

223 381 373 440 mensibus
397 382 569 455 supersunt,
597 380 675 452 sola,
702 379 753 437 sed
783 379 875 438 etiam
897 379 1041 438 nonnulla
1064 380 1164 438 alia'e
1188 400 1235 440 oo-

224 471 288 529 diee
317 468 471 528 caseolino
501 470 658 526 mutuatus
689 485 763 526 sum.
809 468 926 544 saepius
955 468 1034 526 enim
1060 487 1117 527 usu
1144 470 1234 546 venit,

223 561 259 617 ut
280 558 381 634 Lydus
405 557 437 615 in
464 576 513 632 eo,
542 577 630 633 quem
660 556 695 614 de
725 556 950 634 magistratibus
980 556 1085 632 populi
1108 558 1235 617 Romani

225 647 409 722 conseripsit,
427 646 503 706 libro
522 646 666 721 expressis
681 644 779 704 verbis
793 646 933 704 lectorem
947 646 1060 722 releget
1073 647 1112 704 ad
1125 647 1236 706 librum

225 736 261 794 de
283 735 432 794 mensibus
456 738 487 794 et
509 734 625 808 adres,
648 753 722 810 quas
745 734 776 792 in
794 734 847 792 illo
867 735 1042 810 exposuerit.
1076 754 1154 811 quae
1168 755 1236 795 oum

224 825 268 883 ita
301 824 374 898 sint,
411 843 511 883 omnes
544 823 608 882 eius
640 823 755 900 generis
787 824 880 897 loeos,
912 824 966 898 qui
998 823 1118 899 quidem
1148 825 1235 884 hodie

225 933 284 972 non
302 913 363 971 iarn
380 913 523 990 leguntur
540 913 571 970 in
591 931 677 988 opere
695 909 762 993 περὶ
785 919 897 989 μηνῶν,
920 912 966 969 illi
984 913 1154 973 inserendos
1174 933 1236 972 esse

226 1003 306 1076 duxi,
324 1002 523 1077 depromptos,
541 1003 577 1059 ut
595 1020 641 1060 res
660 1001 728 1075 fert,
752 1020 767 1059 e
786 1001 885 1060 oodioe
904 999 1069 1076 Oaseolim,
1092 1003 1145 1077 qui
1159 1022 1236 1061 unus

225 1091 310 1150 nobis
340 1091 470 1150 servavit
501 1093 666 1149 tractatum
695 1090 731 1146 de
760 1088 995 1166 magistratibus.
1046 1090 1104 1150 duo
1136 1089 1236 1150 autem

226 1181 329 1238 artant
360 1180 468 1239 horum
496 1180 629 1239 locorum
665 1197 786 1256 genera:
825 1182 880 1237 aut
916 1179 994 1236 enim
1030 1179 1066 1238 de
1102 1183 1237 1239 veterum

225 1269 428 1327 Romanorum
449 1269 598 1327 institutis
622 1269 652 1325 et
673 1268 806 1328 moribus
830 1267 932 1344 agitur
951 1300 992 1307 —
1015 1271 1081 1326 tum
1104 1268 1235 1327 tribuen-

225 1357 277 1417 dos
300 1357 368 1416 illos
392 1376 454 1416 esse
477 1359 563 1433 patet
586 1357 723 1416 extremis
747 1356 816 1415 libri
838 1356 928 1432 primi
955 1357 1104 1432 partibus,
1128 1358 1236 1432 quibus

225 1445 299 1504 talia
327 1446 423 1506 fusius
457 1447 590 1522 exposita
626 1447 719 1504 fuisse
755 1445 878 1520 reliquis
910 1445 1085 1522 fragmentis
1118 1446 1236 1506 demon-

225 1537 350 1609 stratum
378 1539 432 1594 aut
455 1535 515 1593 alia
540 1535 686 1612 quaedam
708 1536 859 1593 tractatur
884 1535 1011 1592 materia
1035 1536 1165 1593 -tum
1189 1535 1236 1593 de-

225 1623 392 1682 ficientibus
415 1623 533 1682 indiciis
557 1624 606 1682 eui
628 1624 693 1682 loeo
715 1624 772 1682 hae
799 1622 975 1681 tribuendae
1004 1623 1065 1682 sint
1091 1623 1237 1698 reliquiae

227 1712 322 1770 dieere
350 1711 411 1770 iam
438 1732 498 1771 non
529 1731 695 1787 possumus.
743 1730 802 1787 qua
825 1731 857 1769 re
889 1711 1003 1770 factum
1036 1715 1093 1786 est,
1124 1715 1160 1771 ut
1191 1713 1237 1770 bis

226 1800 355 1876 margini
378 1800 516 1860 editionis
541 1800 734 1859 adscribenda
756 1799 847 1858 fuerit
866 1799 974 1859 eodieis
994 1797 1018 1859 Ο
1038 1803 1123 1860 nota:
1142 1822 1170 1876 p.
1188 1803 1237 1877 16,

229 1891 367 1964 16-17,
382 1890 431 1963 15,
454 1889 507 1947 ubi
529 1889 698 1966 fragmenta
720 1889 790 1946 libri
812 1888 902 1963 primi
925 1908 959 1946 ex
979 1909 1066 1964 opere
1085 1889 1121 1948 de
1143 1891 1237 1967 magi-

227 1977 370 2037 stratibus
401 1978 596 2054 colliguntur,
627 1980 657 2036 et
679 1998 707 2052 p.
729 1979 805 2053 180,
827 1979 965 2052 10-16,
995 1978 1048 2035 ubi
1075 1998 1110 2037 ex
1135 1979 1238 2038 eodem

227 2086 314 2142 opere
328 2067 360 2125 in
374 2067 484 2124 librum
502 2067 538 2125 de
557 2067 707 2126 mensibus
726 2067 906 2126 transfertur
924 2067 1126 2143 fragmentum
1144 2068 1237 2142 quod-

227 2157 295 2215 dam
317 2156 448 2215 incertae
471 2155 556 2214 sedis.
1067 2181 1069 2187 ·

294 2261 407 2332 Quibus
423 2259 566 2338 expeditis
580 2264 683 2336 restat,
701 2265 737 2320 ut
756 2280 943 2338 quaeramus
962 2280 1122 2337 quemnam
1139 2262 1239 2322 looum

228 2353 260 2410 in
282 2352 417 2412 eodieum
440 2350 643 2426 Lydianorum
671 2351 745 2410 serie
770 2352 873 2409 teneat
897 2349 1070 2409 Oaseolinus
1093 2351 1238 2426 cuiusque

227 2441 316 2515 pretii
340 2440 379 2499 sit
406 2438 616 2499 aestimandus.
662 2439 747 2498 ouius
772 2439 955 2515 quaestionis
978 2459 1154 2515 responsum
1177 2440 1238 2497 iarn

229 2529 437 2604 occupavimus
453 2529 653 2603 aliquatenus
672 2547 741 2586 eum
758 2529 846 2587 illum
863 2528 973 2604 integri
987 2528 1096 2588 oodieis
1110 2529 1238 2605 vestigia

228 2635 359 2676 servasse
383 2617 520 2675 diximus.
565 2636 662 2692 neque
684 2619 786 2674 tamen
808 2636 904 2692 usque
929 2636 963 2675 eo
987 2621 1032 2676 est
1054 2617 1178 2694 integer,
1203 2620 1239 2675 ut

227 2725 281 2782 pro
304 2705 369 2781 ipso
399 2706 531 2764 omnium
558 2705 692 2765 eodieum
720 2706 881 2781 archetypo
908 2706 1012 2763 haberi
1034 2706 1142 2781 possit:
1166 2726 1238 2782 quo-

228 2794 326 2852 minus
350 2795 429 2852 enim
450 2795 506 2853 hoe
524 2797 702 2869 statuamus,
726 2812 786 2853 uno
805 2794 870 2853 loeo
889 2794 1067 2870 impedimur
1084 2815 1113 2870 p.
1130 2797 1202 2871 168,
1219 2796 1237 2853 5

229 2902 301 2958 sqq,
325 2883 377 2958 qui
399 2883 431 2941 in
455 2883 586 2959 epitome
610 2903 730 2959 quoque
754 2902 772 2941 a
794 2882 924 2943 Maximo
948 2883 1081 2942 Planude
1104 2884 1239 2943 confecta

231 2964 285 3053 (Y)
309 2975 392 3030 extat
415 2973 445 3029 et
473 2992 490 3030 a
517 2972 617 3031 codiee
641 2971 796 3031 Gasaolino
820 2976 912 3047 atque
936 2992 954 3031 a
976 2973 1147 3032 recensione
1169 2973 1238 3031 Pla·

228 3060 326 3119 nudea
349 3061 465 3120 diverso
488 3062 575 3120 modo
599 3061 641 3120 sie
663 3061 807 3120 traditur:

456 3270 480 3332 Ο
987 3273 1014 3331 Y

271 3393 503 3479 <Πορφύ>ριος
558 3393 707 3476 οῧ<νως>
807 3397 850 3458 ὅτι
864 3395 1038 3478 Πορφύριός
1053 3414 1139 3476 φησι·
1159 3394 1240 3470 ‘robe

229 3481 358 3565 φ<ησ>1·
384 3483 484 3572 ςταύτῃ
508 3484 578 3557 τοὺς
601 3508 707 3564 quevo·
761 3483 963 3564 φαινομένους
995 3486 1154 3568 οὐρανίους
1186 3493 1239 3546 θε-

230 3572 338 3654 μένους
360 3571 541 3657 οὐροινίου<ς
561 3574 653 3647 θεοὺς
671 3585 707 3660 τῇ
762 3574 815 3648 οὺς
851 3584 887 3659 τῇ
924 3574 1018 3658 θυσίᾳ
1058 3576 1241 3654 δεξιούμενοι
