2790 4214
221 273 265 338 60
584 275 693 329 LIBER
711 274 864 330 TERTIUS

181 446 207 500 H
222 438 313 523 ριών.
341 435 478 521 Ἕλλησι
492 434 530 502 δὶ
545 437 661 515 οὕτως·
677 437 1239 525 Γορπιαῖος’ΤπερβερεταῖοςΔῖος

216 541 408 620 Ἀπελλαῖος
426 543 615 620 Αύδοναῖος
633 548 789 630 Περίτιος
807 545 962 631 Δύστρος
980 544 1148 622 Ξανθικὸς
1161 545 1238 633 Ἀρ-

220 653 365 733 τεμίσιος
382 653 523 726 Λαίσιος
546 652 700 735 Πάνεμος
720 655 823 727 Λῶος.
865 650 1031 738 Ἑβραίοις
1055 648 1092 717 δὶ
1116 652 1238 730 οὕτως·

223 755 324 842 Θεσρὶ
360 759 608 843 Μαρχεσουβάν
643 753 796 823 Χασελὲθ
838 755 946 843 Τεβὶθ
981 761 1102 843 Σαφάτ
1133 757 1237 847 Ἀδοὶρ

195 863 334 927 ῦΝισδιν
358 860 426 949 Ἰάρ
457 865 567 947 Σιβδιν
599 867 734 947 Θαμοῦς
754 861 838 948 Ἀδιβ
863 863 991 931 Ἐλούλ.
1037 867 1238 948 Αἰγυπτίοις

222 965 259 1034 δὶ
282 968 399 1046 οὕτως·
425 971 507 1035 Θὼθ
532 968 652 1053 Φαωφὶ
670 969 776 1056 Ἀθὺρ
800 973 904 1037 Χοιοὶκ
932 970 1014 1056 Τυβὶ
1036 971 1145 1059 Μεχὶρ
1167 978 1236 1038 Φα-

221 1077 337 1160 μενὼθ
357 1075 537 1162 Φαρμουθὶ
559 1077 684 1160 Παχὼν
703 1075 815 1142 Παϋνὶ
834 1074 949 1161 Ἐπιφὶ
973 1081 1119 1164 Μεσαρί.
1161 1078 1236 1144 Ῥω-

221 1186 331 1267 μαιόις
359 1179 396 1247 δέ
424 1182 542 1259 οὕτως·
575 1181 801 1269 Σεπτέμβριος
823 1181 1018 1270 Ὀκτώβριος
1045 1184 1237 1272 Νοίμβριος

221 1287 426 1375 Δεκέμβριος
443 1287 650 1375 Ἰανουάριος
676 1291 904 1376 Φεβρουάριος
922 1293 1074 1377 Μάρτιος
1092 1291 1235 1379 Ἀπρίλ-

181 1412 206 1450 10
221 1400 293 1471 λιος
323 1397 435 1472 Μάϊος
459 1394 600 1472 Ἰούνιος
626 1394 767 1472 Ἰούλιος
801 1397 1005 1479 Αύγουστος.
1051 1397 1136 1462 οὕτω
1173 1394 1236 1483 μὶν

155 1509 205 1563 Hs
221 1495 284 1566 οὖν
301 1503 341 1566 τά
360 1514 427 1567 τῶν
440 1513 555 1586 μηνῶν
572 1504 661 1588 παρὰ
679 1513 748 1579 τοῖς
768 1505 904 1567 ἔθνεσιν
923 1505 999 1587 ἔχει,
1018 1504 1051 1568 οὶ
1069 1501 1106 1568 δὲ
1124 1508 1235 1589 Βαβυ-

221 1608 337 1673 λώνιοι
368 1607 422 1673 καὶ
455 1609 635 1692 Αἰγύπτιοι
672 1609 778 1696 ἀρχὴν
814 1608 969 1675 ἐνιαυτοῦ
1006 1611 1067 1693 τὴν
1099 1609 1236 1697 ἐαρινὴν

221 1715 385 1797 ὡρίσαντο
418 1718 557 1800 τροπήν,
590 1717 699 1802 ὥσπερ
731 1716 795 1780 άπὸ
825 1723 969 1801 κεφαλῆς
1000 1718 1061 1800 τὴν
1089 1717 1125 1782 ἐν
1152 1727 1236 1805 κριῷ

222 1822 395 1907 ἰσημερίαν
417 1824 641 1906 λαμβάνοντες
665 1825 720 1887 διοὶ
747 1825 784 1887 τὸ
812 1833 922 1887 πᾶσαν
949 1822 986 1887 ἐν
1009 1832 1055 1910 τῷ
1078 1827 1151 1910 ἔαρι
1173 1826 1235 1907 τὴν

182 1947 208 1986 15
222 1929 386 2010 αἰσθητὴν
413 1928 517 2011 φύσιν
549 1929 718 2008 αὔξεσθαι.
755 1927 913 2013 Ἕλληνες
946 1925 983 1993 δὶ
1009 1931 1070 2012 τὴν
1099 1932 1235 2017 πρώτην

222 2043 282 2098 τοῦ
311 2038 472 2120 καρκίνον
500 2045 636 2120 μοῖραν,
669 2037 712 2112 ὡς
744 2037 787 2101 άν
817 2059 868 2111 τις
898 2041 999 2119 εἴποι,
1032 2037 1093 2119 την
1120 2040 1235 2103 εἰκάδα

221 2144 337 2226 τρίτην
356 2150 417 2206 τοῦ
431 2139 577 2206 Ἰουνίου
595 2143 708 2226 μηνὸς,
732 2144 779 2218 εἰς
797 2141 902 2228 ἀρχὴν
925 2145 1020 2219 ἐτους
1038 2145 1234 2229 παρέδοσαν.

222 2247 306 2314 άλλοὶ
319 2249 450 2324 τούτοις
468 2245 529 2332 μὶν
547 2247 602 2313 καὶ
620 2259 690 2324 τοῖς
708 2250 821 2324 ἄλλοις
840 2250 963 2314 άπασιν
981 2252 1096 2315 ε”θνεσι
1113 2256 1171 2335 μία
1185 2276 1234 2328 τις

223 2355 421 2439 ἐφυλάττετο
448 2364 509 2419 τοῦ
537 2353 692 2420 ἐνιαυτοῦ
719 2357 878 2441 καταρχη,
908 2367 978 2432 τοῖς
1005 2353 1043 2420 δὲ
1066 2356 1234 2441 Ῥωμαίοις

127 2475 207 2529 YHs
222 2472 323 2548 τρεῖς·
338 2466 396 2546 μία
410 2458 471 2546 μὲν
487 2463 642 2548 ὶερατικη,
658 2460 752 2548 ἑτέρα
762 2459 798 2526 δὲ
812 2464 960 2549 πάτριος,
973 2462 993 2546 η
1005 2459 1041 2528 δὶ
1057 2465 1139 2549 άλλη
1154 2476 1284 2548 RrIII‚15

291 2671 316 2708 v,
333 2659 347 2706 1
367 2654 582 2725 ύπερβορεταῖος
599 2655 634 2708 Η
709 2660 725 2707 2
744 2654 881 2720 ξανθικδς
900 2655 1017 2724 δύστρος
1033 2656 1069 2711 Η
1144 2663 1161 2710 4
1179 2658 1233 2712 He-

220 2723 369 2776 braeorum
383 2723 498 2778 nomina
511 2743 568 2778 non
580 2724 692 2779 restitui
751 2727 869 2794 6φαάθ
882 2727 918 2778 H
930 2729 933 2794 Ι
950 2728 1047 2797 μαχεὶρ
1061 2728 1096 2781 Η
1149 2734 1233 2800 7φα-

222 2795 298 2863 μοδθ
311 2795 347 2846 H
359 2797 363 2862 Ι
379 2796 473 2862 μεσορλ
486 2796 522 2847 H
586 2801 602 2849 8
615 2795 730 2850 nomina
743 2797 882 2850 mensium
895 2797 1084 2851 Romanorum
1097 2815 1147 2868 per
1160 2818 1234 2856 com-

221 2863 325 2934 pendia
344 2863 448 2934 scripta
467 2868 532 2918 sunt
550 2865 586 2919 H
656 2873 686 2920 11
707 2864 749 2921 δτι
764 2869 937 2939 Βαβυλώνιοι
956 2867 1006 2936 μὲν
1025 2870 1072 2923 καὶ
1092 2871 1233 2942 αἰηύπτιοι

221 2969 256 2978 -
273 2942 304 2988 17
323 2933 484 3004 παρέδοσαν
507 2936 529 2992 S
636 2942 668 2990 13
688 2937 777 3006 ὥσπερ
797 2971 831 2978 -
852 2945 886 2992 14
904 2938 1093 3010 λαμβάνοντες
1115 2943 1193 2998 omit.
1213 2945 1234 3000 S

222 3015 256 3062 14
270 3000 317 3076 ἦρι
331 3007 353 3063 S
424 3012 457 3061 16
471 3016 521 3061 τοῦ
535 3005 715 3076 καρκίνου-
724 3028 751 3078 p.
762 3015 828 3077 61,7
844 3011 1006 3065 ἰνδικτιῶνα
1020 3015 1133 3067 καλοῦσι
1147 3015 1232 3069 Muti-

220 3079 315 3134 nensis
330 3093 440 3148 quoque
455 3077 542 3131 codex
556 3078 671 3133 exhibet
684 3097 802 3150 graecus
815 3087 850 3135 34
864 3081 914 3148 (ΠΙ
927 3077 952 3135 Α
967 3081 1013 3152 20)¹
1027 3087 1031 3154 Ι
1048 3084 1125 3145 ὡς-
1134 3090 1166 3138 17
1182 3107 1231 3156 μη-

221 3153 270 3215 νὸς
289 3150 366 3206 omis.
382 3151 416 3203 H
486 3154 518 3202 18
539 3147 581 3204 ὅτι
599 3159 658 3212 τοῖς
681 3149 730 3219 μὲν
754 3151 846 3215 ἄλλοις
869 3152 982 3207 ἔθνεσιν
1004 3153 1054 3221 μιά
1068 3187 1103 3195 -
1116 3173 1142 3224 p.
1159 3163 1201 3226 61,
1217 3163 1231 3211 7

222 3223 383 3277 ἰνδικτιῶνα
402 3223 533 3275 καλοῦσιν
550 3221 570 3274 S
586 3223 589 3288 Ι
606 3230 655 3275 τοῦ
674 3221 752 3276 omis,
768 3222 790 3276 S
859 3229 893 3278 20
912 3224 945 3277 X
960 3223 1043 3277 huius
1061 3228 1232 3298 paragraphi

221 3293 301 3347 nulla
323 3293 409 3347 verba
432 3290 553 3345 servavit
574 3291 630 3345 nisi
654 3294 799 3362 ματρώνας
820 3293 870 3356 τδις
895 3293 1041 3365 εὐμενίδας
1065 3299 1231 3368 (p61‚19).

222 3365 383 3420 ἰνδικτιῶνα
402 3361 452 3432 μὲν
466 3358 518 3417 ούν
532 3362 559 3417 οὶ
574 3360 691 3432 δωμαῖοι
705 3364 792 3434 τομὴν
808 3364 981 3420 ἐνιαυσιαίου
995 3367 1097 3421 κύκλου
1111 3368 1233 3438 πατρίως

222 3437 353 3489 καλοῦσιν
371 3437 407 3505 (p.
424 3440 466 3504 61,
482 3437 516 3504 λ).
559 3434 588 3487 Y
602 3433 703 3504 incipit
722 3433 764 3488 ὅτι
780 3445 854 3503 τρεῖς
867 3436 955 3508 ἀρχὰς
967 3431 1038 3508 ἦγον
1052 3434 1170 3508 βωμαῑοι
1184 3451 1232 3496 τοῦ

222 3505 362 3560 ἐνιαυτοῦ·
384 3504 453 3575 μίαν
472 3505 522 3576 μὲν
541 3505 564 3560 ἱε
584 3506 683 3576 ατικην
701 3506 773 3560 κατὰ
790 3507 840 3562 τὸν
859 3507 1041 3576 ἰαννουάριον
1060 3511 1233 3582 αὐξανούσης

221 3575 275 3646 ἥδη
294 3584 343 3646 τῆς
360 3575 477 3646 ἡμέρας,
496 3527 630 3646 δευτίραν
648 3577 680 3633 δὲ
702 3577 753 3648 τὴν
775 3587 825 3633 τοῦ
848 3575 965 3648 μαρτίου
983 3581 1105 3650 πρώτην,
1125 3581 1161 3651 ἣν
1179 3583 1232 3639 πά-

220 3667 299 3715 τριον
317 3641 407 3717 εἶχον,
430 3646 500 3703 καθ’
521 3647 557 3718 ἣν
580 3651 628 3704 καὶ
650 3650 685 3704 τδι
709 3647 780 3704 ὅπλα
799 3649 866 3712 ἔθος
886 3651 982 3713 αὐτοῖς
1003 3661 1104 3707 κινεῖν·
1128 3655 1180 3726 τὴν
1202 3655 1232 3712 δέ
