2760 4234
411 305 519 358 LIBER
538 303 714 369 QUARTUS.
744 303 858 358 MAms
1078 303 1139 366 127

128 495 195 536 των
226 470 262 534 έν
296 471 420 555 Τιμαίῳ
453 470 571 551 φησίν,
604 465 729 551 έμφερῆ
762 468 823 550 τῆν
855 468 1051 549 συνεκτικὴν
1080 473 1181 531 τοῦΧ

128 577 252 652 παντὸς
275 574 481 640 ἐνδείκνυται
500 572 601 651 τάξιν.
647 577 793 640 λείπεται
811 573 828 638 ὁ
847 571 1003 657 πέμπτος,
1026 574 1142 638 Μάιον

130 681 167 749 δὲ
190 683 292 747 αὐτὸν
314 683 347 746 οἱ
361 680 511 766 Ῥωμαῖοι
534 686 703 746 καλοῦσιν.
745 678 857 762 ἐπειδὴ
882 679 929 763 δέ,
953 681 997 756 ὡς
1019 681 1141 746 πολλά-

128 816 180 867 κις
203 792 387 874 εἰρήκαμεν,
411 788 429 853 ὁ
452 797 510 871 τῆς
531 788 693 864 πεντάδος
712 787 856 873 ἀριθμὸς
874 798 942 851 τῶν
958 786 1142 872 θειοτέρων

129 899 210 962 κατά
240 897 299 961 τὸν
322 894 482 960 Ἡσίοδον
510 895 719 979 κεχάρισται,
752 895 838 970 εἰκὸς
862 889 910 976 ’ἦν
940 893 1043 958 αὐτὸν
1072 904 1142 968 τοῖς
1170 915 1182 952 ε

130 1000 375 1087 κατοιχομένοις
398 1000 659 1085 ἀπονεμηθῆναι.
704 1001 807 1086 ῆγάρ
828 1002 948 1077 πεντάς
966 1010 1004 1086 τῆ
1024 1001 1142 1083 αἰσθη-

130 1121 169 1196 τῆ
193 1110 294 1194 φύσει
317 1107 495 1190 ἀνάκειται,
520 1117 644 1191 σφαῖρα
666 1108 730 1191 γάρ
754 1105 858 1171 ἐστιν·
881 1105 995 1182 ὁσάκις
1013 1107 1076 1191 γάρ
1101 1104 1144 1170 ἀν

132 1218 192 1282 τὸν
214 1214 310 1280 πέντε
333 1214 585 1298 πολυπλασιάσῆ
608 1237 659 1289 τις
677 1212 834 1298 ἀριθμόν,
858 1214 905 1287 εἰς
925 1211 1044 1276 ἑαυτὸν
1062 1211 1143 1277 ἀπο-

131 1324 378 1404 καταστῆσεται·
408 1316 463 1383 καὶ
492 1320 556 1404 γάρ
587 1318 604 1383 ὁ
632 1317 729 1384 πέντε
756 1321 982 1404 παρεπόμενος
1009 1328 1079 1393 τοῖς
1108 1317 1144 1382 έν

133 1431 256 1512 πλῆθει
279 1426 437 1510 ἀριθμοῖς
460 1426 506 1500 εἰς
526 1425 587 1507 τὴν
605 1425 709 1508 αὐτὴν
727 1423 782 1490 καὶ
799 1426 1143 1507 πολυπλασιαζόμενος
1159 1443 1184 1482 ιο

133 1536 309 1616 καταλήγει
332 1534 505 1614 ποσότητα.
550 1530 604 1596 καὶ
629 1533 734 1608 άλλως
761 1528 799 1596 δὲ
822 1533 975 1616 φαίνεται
998 1532 1145 1614 φυσικῆν

137 1663 212 1704 τινα
235 1638 380 1720 δύναμιν
408 1635 444 1701 ἐν
472 1635 577 1724 ἑαυτῷ
604 1637 622 1702 ὁ
650 1635 748 1702 πέντε
773 1637 962 1722 περιλαβὼν
989 1636 1144 1721 ἀριθμός

135 1757 203 1810 τῶν
226 1746 288 1828 γάρ
314 1743 350 1808 έν
372 1742 498 1826 γενέσει
522 1742 555 1822 ἐξ
583 1743 699 1829 ἀρτίου
726 1742 781 1808 καὶ
804 1752 960 1828 περιττοῦ
983 1744 1144 1808 συνεστώ-

135 1876 219 1933 των,
251 1849 350 1926 αὐτὸς
382 1846 468 1915 εἶναι
500 1861 650 1926 τοιοῦτος
680 1850 829 1935 πέφυκεν
860 1850 896 1915 ἐκ
925 1851 1060 1935 τριάδος
1089 1847 1144 1914 καὶ

135 1958 258 2034 δυάδος
281 1959 514 2041 συναγόμενος.
559 1958 661 2044 ταύτῃ
684 1968 769 2041 γοῦν
791 1969 863 2035 ταῖς
880 1968 948 2022 τῶν
966 1959 1142 2042 προγόνων
1156 1959 1237 2012 XHS

133 2074 242 2150 τιμαῖς
270 2065 301 2129 οἱ
325 2063 476 2148 Ῥωμαῖοι
505 2065 564 2129 τὸν
590 2063 738 2148 πέμπτον
770 2064 935 2150 ἀνέφερον
964 2073 1065 2148 μῆνα,
1098 2071 1144 2151 τῷ
1159 2084 1184 2122 ιο

135 2168 196 2256 μὲν
218 2170 320 2258 ἀρτίῳ
343 2173 421 2247 τοὺς
444 2170 697 2255 κατοιχομένους
720 2161 886 2256 τιμῶντες,
910 2179 956 2258 τῷ
979 2167 1016 2235 δὲ
1033 2192 1143 2254 περιτ-

135 2287 182 2365 τῷ
204 2279 283 2354 τοὺς
305 2279 354 2343 ἔτι
377 2275 594 2359 σωζομένους·
622 2279 702 2361 μετά
725 2279 788 2362 γάρ
814 2279 916 2353 θεοὺς
941 2277 1001 2361 οὐχ
1024 2277 1145 2358 ῆττονα
1159 2279 1185 2331 X

135 2386 235 2469 τιμὴν
271 2394 340 2460 τοῖς
377 2381 504 2448 ἑαυτῶν
539 2387 718 2469 προγόνοις
755 2383 928 2470 εἰσέφερον
965 2385 997 2449 οἱ
1028 2383 1145 2447 πάλαι·
1160 2403 1185 2441 19

136 2496 272 2577 μαίορες
294 2487 332 2555 δὲ
355 2493 432 2567 τοὺς
454 2493 641 2576 προγόνους
663 2493 808 2576 πατρίως
832 2497 1010 2566 καλοῦντες
1031 2490 1180 2554 Μάιονδ

136 2599 196 2664 τὸν
219 2607 307 2682 μῆνα
330 2597 365 2662 έκ
388 2607 445 2680 τῆς
468 2597 604 2662 ἐκείνων
627 2607 721 2682 τιμῆς
744 2597 929 2681 ὠνόμασαν.
975 2598 1007 2663 οἱ
1025 2592 1062 2661 δὲ
1081 2594 1144 2660 ἀπὸ
1160 2598 1186 2652 Χ

136 2714 194 2788 τῆς
208 2708 321 2781 Μαίας
335 2714 392 2788 τῆς
401 2702 580 2780 ’Ἁτάαντος
594 2713 650 2788 τῆς
664 2703 787 2788 Ἑρμοῦ
801 2704 964 2789 <μητρὸς>
978 2702 1146 2781 ἀξιοῦντες

209 2897 233 2934 v.
249 2886 265 2933 5
283 2877 422 2931 Hesiodus
442 2877 491 2947 Op.
512 2881 540 2932 et
558 2877 624 2931 Dies
642 2896 666 2932 v⁴
681 2883 731 2931 802

209 3057 234 3092 v.
250 3045 283 3092 15
303 3036 344 3092 ὅτι
360 3047 422 3100 ταῖς
434 3047 490 3093 τῶν
503 3036 649 3108 προγόνων
662 3071 698 3078 -
712 3045 744 3091 21
763 3046 843 3108 τιμῆς
857 3036 1005 3107 ὠνόμασαν
1019 3036 1047 3105 S,
1066 3035 1148 3104 μάϊος

140 3107 196 3164 ἀπὸ
214 3117 263 3163 τοῦ
302 3107 402 3171 αιάδος
421 3108 512 3177 ἑρμοῦ,
532 3105 553 3162 ὦ
567 3110 616 3163 καὶ
630 3107 776 3164 ἀνάκειται
790 3110 828 3171 ὡς
841 3109 881 3171 είς
894 3108 975 3178 τιμῆν
988 3115 1037 3176 τῆς
1051 3125 1147 3177 γερου·

139 3177 201 3242 σίας
223 3130 354 3242 τεθέντος
380 3180 413 3246 Υ,
441 3179 512 3234 κατὰ
535 3179 584 3234 τὸν
607 3179 690 3248 μάϊον
712 3182 777 3243 τοὺς
802 3181 895 3235 αὐτῶν
916 3176 1072 3249 προγόνους
1095 3172 1147 3246 ῥω-

140 3260 218 3320 μαῑοι
227 3260 366 3319 τιμῶντες,
380 3248 480 3320 μαίους
494 3249 525 3304 δὲ
538 3251 603 3313 τοὺς
617 3249 773 3321 προγόνους
785 3248 909 3319 πατρίως
921 3253 1044 3316 καλοῦσι,
1063 3247 1147 3316 μάϊον

139 3322 189 3377 τὸν
208 3330 282 3392 μῆνα
301 3321 331 3376 ἐκ
344 3330 393 3392 τῆς
411 3319 524 3377 ἐκείνων
538 3331 617 3392 τιμῆς
635 3320 790 3392 ὠνόμασαν.
828 3321 855 3376 οἱ
873 3321 904 3376 δὲ
923 3319 979 3375 ἀπὸ
997 3327 1046 3388 τῆς
1064 3317 1149 3388 μαίας

141 3392 226 3462 μάϊον
238 3401 338 3448 τοῦτον
353 3390 548 3463 ὀνομασθῆναί
562 3410 649 3463 φασιν
662 3395 697 3448 Η
706 3393 725 3448 f.
738 3398 803 3447 166'
874 3399 906 3446 18
926 3390 993 3460 μετὰ
1003 3423 1037 3430 -
1048 3396 1081 3444 19
1094 3388 1147 3444 πά-

140 3467 186 3518 λαι
205 3463 325 3518 omis.S
395 3471 428 3518 19
447 3463 548 3519 ἑαυτὸν
567 3466 594 3518 Β
630 3464 657 3518 οἱ
675 3464 772 3524 πάλαι·
797 3463 882 3533 μάϊον
900 3462 931 3517 δὲ
950 3470 1025 3532 μῆνα
1048 3461 1078 3516 ἐκ
1099 3469 1148 3531 τῆς

141 3533 256 3590 ἐκείνων
268 3542 348 3604 τιμῆς
362 3534 518 3604 ὠνόμασαν,
532 3553 604 3603 πατρ
618 3557 654 3598 ως
667 3539 815 3597 καλοῦντες
828 3534 878 3603 τὴν
893 3533 988 3602 τιμήν·
1006 3533 1032 3588 οἱ
1047 3531 1077 3588 δὲ
1092 3535 1147 3603 (22)

142 3606 234 3730 {W
253 3612 287 3659 20
305 3608 489 3661 ΠΙΑΟΙΝΠΕ(
507 3607 535 3675 S,
559 3605 671 3676 μαίορες
689 3605 788 3675 scripsi
869 3611 902 3658 22
922 3605 1065 3678 <μῆτρὸς>
1083 3604 1147 3658 add.

168 3720 174 3730 .
225 3692 326 3731 lesowa
