2790 4214
231 293 271 356 78
470 293 579 347 LIBER
598 292 775 358 QUARTUS.
802 292 1002 347 IANUARIUS

159 465 217 519 ΧΗ
231 458 364 541 ἀρχεται
391 465 634 540 καρποφορεῖν,
661 457 801 537 θνήσκει
824 451 861 520 δὲ
884 454 1044 531 ὀκταετές·
1072 452 1241 541 τρυχηθὲν

229 558 267 627 δὲ
299 561 339 627 οῦ
372 563 586 646 φρυγόμενον
621 565 823 644 μελαίνεται,
860 560 931 626 ἀλλ’
967 561 1003 626 ἐκ
1034 570 1095 626 τοῦ
1127 561 1164 627 ἐν
1194 570 1241 650 τῷ

228 667 309 753 ῆλίφ
325 668 552 731 διατίθεσθαι·
569 666 651 731 ὅθεν
665 669 840 750 συμβαίνει
853 667 890 730 τὸ
906 669 1107 745 σκιόφυκτον
1121 670 1241 734 λευκὸν

229 771 406 857 διαμένειν.

188 889 214 943 Y
297 878 348 944 15.
362 877 433 944 Ὅτι
448 884 642 965 ποντίφικες
658 881 690 946 οἱ
706 879 869 965 ἀρχιερεῖς
884 881 973 965 παρά
985 877 1153 964 Ῥωμαίοις
1167 890 1291 945 RrIH21

202 984 396 1069 οὲλέγοντο,
428 987 580 1072 καθάπερ
613 985 650 1050 ἐν
674 985 833 1070 Ἀθήναις
862 987 899 1051 τὸ
931 987 1032 1052 πάλαι
1062 997 1238 1072 χεφυραῖοι

227 1094 347 1170 πάντες
366 1094 398 1158 οἱ
416 1091 492 1178 περὶ
510 1095 550 1158 τά
563 1093 685 1178 πάτρια
700 1094 772 1179 λερά
786 1091 936 1176 ἐξηγηταί
950 1091 1004 1158 καὶ
1019 1091 1238 1178 ἀρχιερεῖς-

228 1199 390 1284 διοικηταὶ
417 1211 484 1264 τῶν
511 1200 599 1264 ὅλων
628 1238 669 1246 —
698 1200 920 1285 ὠνομάζοντο,
953 1201 1009 1264 διά
1036 1201 1072 1263 τὸ
1101 1197 1155 1264 ἐπὶ
1180 1209 1239 1284 τῆς

200 1333 212 1371 ο
226 1306 375 1391 γεφύρας
393 1315 453 1371 τοῦ
472 1310 659 1392 Σπερχειοῦ
676 1315 825 1390 ποταμοῦ
846 1306 1026 1391 ἱερατεύειν
1043 1313 1089 1393 τῷ
1105 1311 1238 1371 Παλλα-

163 1423 213 1476 SY
228 1414 297 1500 δίφ.
342 1415 470 1495 πόντην
496 1415 559 1498 γὰρ
588 1414 620 1479 ολ
643 1411 794 1498 Ῥωμαῖοι
821 1413 882 1495 τῆν
909 1411 1060 1498 γέφυραν
1087 1418 1236 1497 καλοῦσι,

185 1529 212 1582 Y
224 1518 280 1584 καὶ
302 1523 455 1585 ποντίλια
477 1522 518 1584 τὰ
541 1531 706 1606 χεφυραῖα
724 1519 813 1598 ξύλα.
856 1519 938 1584 ὅθεν
956 1518 1011 1584 καὶ
1029 1517 1237 1605 πραξιερχίαι

226 1628 332 1709 δῆθεν
356 1625 534 1691 ἐκαλοῦντο
558 1624 677 1690 ὡσανεὶ
696 1628 850 1691 τελεσταί.
887 1635 985 1692 τοῦτο
1004 1627 1067 1712 χάρ
1087 1630 1238 1711 σημαίνει

225 1733 262 1797 τὸ
284 1731 444 1816 πόντιφεξ
467 1731 531 1796 ἀπὸ
554 1741 615 1796 τοῦ
638 1733 783 1797 δυνατοῦ
807 1730 844 1796 ἐν
866 1734 985 1817 ἔργοις.

184 1848 210 1902 Χ
293 1837 343 1903 16.
380 1842 425 1923 Ίῆ
448 1839 513 1923 πρὸ
536 1836 616 1902 δέκα
638 1837 722 1902 ὀκτὼ
746 1839 928 1903 Καλενδῶν
954 1841 1193 1924 Φεβρουαρίων
1211 1849 1291 1903 IV13

185 1969 211 2009 τε
225 1943 449 2028 ἀνεμομαχίαν
472 1942 652 2029 ὁΒάρρῶν
676 1941 763 2026 λέχει
785 1947 951 2028 γίνεσθαι,
973 1947 1183 2030 Δημόκριτος
1201 1941 1239 2010 δὲ

224 2050 283 2115 τὸν
306 2053 382 2133 λίβα
404 2051 485 2135 μετὰ
508 2052 635 2135 ὄμβρου
658 2049 740 2134 φησλ
763 2054 926 2133 γίνεσθαι.

150 2167 208 2222 ΧΥ
291 2156 341 2220 17.
373 2158 414 2221 Ολ
433 2159 617 2240 φιλόσοφοί
637 2173 720 2242 φασι
738 2159 947 2243 Διοσκόρους
965 2153 1050 2224 εἶναι
1069 2160 1106 2223 τὸ
1125 2159 1191 2224 ὑπὸ
1210 2169 1290 2222 11122

224 2272 288 2346 γῆν
318 2261 373 2328 καὶ
405 2259 489 2349 ὑπὲρ
522 2272 586 2347 γῆν
614 2262 845 2350 ἡμισφαίριον·
872 2270 1047 2331 τελευτῶσι
1076 2262 1113 2330 δὲ
1143 2265 1236 2350 ἀμοι-

184 2371 328 2453 Χβαδὸν
350 2377 512 2455 μυθικῶς,
536 2369 639 2436 οἱονεὶ
661 2370 728 2436 ὑπὸ
751 2372 829 2447 τοὺς
848 2370 1027 2448 ἀντίποδας
1045 2371 1077 2450 ἐξ
1096 2371 1235 2456 ἀμοιβῆς

183 2503 210 2544 εο
224 2480 410 2563 φερόμενοι.
448 2478 480 2542 ολ
503 2473 540 2540 δὲ
558 2475 633 2562 περὶ
648 2475 862 2561 Ἐπιμενίδην
880 2478 1003 2563 ἀρρενα
1020 2474 1074 2541 καὶ
1093 2478 1235 2560 θήλειαν

223 2581 413 2666 ἐμύθευσαν
440 2584 518 2658 τοὺς
544 2586 768 2669 Διοσκόρους,
797 2585 857 2648 τὸν
883 2579 945 2667 μὲν
972 2585 1091 2665 αἰῶνα,
1124 2584 1233 2668 ὥσπερ

222 2689 366 2771 μονάδα,
389 2691 449 2772 τῆν
472 2685 509 2752 δὲ
532 2689 647 2773 φύσιν,
670 2690 714 2765 ῶς
737 2690 855 2773 δυάδα,
878 2687 1087 2764 καλέσαντες·
1116 2688 1151 2754 ἐκ
1169 2690 1233 2774 χάρ

221 2794 366 2878 μονάδος
387 2792 443 2859 καὶ
465 2795 590 2869 δυάδος
608 2794 626 2860 ὁ
644 2803 708 2870 πῶς
727 2796 922 2877 ζῶοχονικὸς
940 2793 995 2860 καὶ
1013 2796 1234 2880 ψυχογονικὸς

292 3005 316 3041 v.
338 2992 370 3040 15
389 2986 478 3041 Varro
502 2989 531 3040 et
553 2985 729 3041 Democritus
747 2987 934 3041 Waohsmuth
953 2988 987 3041 de
1006 2990 1057 3042 οεῖ.
1079 2993 1130 3042 295
1150 3005 1191 3043 nr.
1207 2993 1231 3041 2.

221 3065 255 3112 20
275 3058 302 3112 ολ
320 3059 384 3127 περὶ
399 3055 582 3127 Ἐπιμενίδην
601 3057 634 3112 of.
654 3057 797 3112 Dieterich
815 3059 942 3112 Abraxas
959 3077 987 3128 p.
1008 3064 1067 3127 130,
1085 3065 1099 3111 1

290 3256 315 3291 v
336 3242 349 3289 1
370 3235 520 3305 καρπεῦειν
539 3235 567 3289 R
589 3237 593 3306 Ι
615 3233 739 3306 τρυχηθὲ
739 3257 757 3291 ν
775 3235 806 3290 δ
826 3237 851 3290 εἰ
869 3234 919 3305 μὲν
937 3235 968 3291 ἐν
985 3245 1023 3292 τῶ
1040 3234 1108 3306 ῆλίω
1128 3245 1228 3307 φρυχῆ,

220 3305 390 3377 μελαίνεται,
415 3308 440 3362 εἰ
461 3305 493 3360 δὲ
511 3303 625 3376 γένηται
643 3304 814 3376 σκιόψυκτον
833 3305 1006 3363 λευκαίνεται
1024 3308 1053 3362 R
1123 3281 1230 3363 δάθεν

221 3379 299 3434 omis.
319 3380 347 3433 B
420 3328 543 3449 ῦπαρά]
562 3379 627 3446 περὶ
646 3377 703 3432 ΟΕ
773 3383 806 3432 10
826 3376 868 3433 ὅτι
886 3377 993 3447 πόντην
1012 3379 1040 3433 ολ
1058 3376 1177 3470 ὁωμριῖοι
1194 3412 1230 3420 -

219 3451 394 3518 ηεφυραῖαξ
380 3450 488 3515 emas
558 3454 590 3503 15
613 3447 709 3520 βάροιν
726 3449 758 3502 X
781 3451 785 3520 λ
811 3448 1032 3574 Δημόκριτος-
1047 3456 1080 3504 16
1099 3449 1230 3520 γίνεσθαι

220 3519 298 3574 omis.
317 3521 345 3573 Β
427 3526 459 3574 17
480 3518 522 3574 ὅτι
541 3521 722 3588 διοσκοάρους
740 3522 810 3589 φασλ
828 3521 859 3575 τὸ
878 3520 947 3589 ὑπὲρ
965 3529 1019 3592 γῆν
1037 3522 1085 3576 καὶ
1103 3522 1158 3576 ῦπὸ
1176 3528 1231 3592 γῆν

220 3589 403 3659 ἡμισφαιριον
434 3592 591 3663 ἀμοιβαδὸν
623 3595 749 3661 μυθικῶς
781 3597 884 3657 ζῶντας
915 3593 964 3647 καὶ
990 3595 1173 3654 τελευτῶντας
1204 3592 1234 3645 Y

220 3667 252 3714 19
272 3661 387 3732 ἀμοιβῆς
405 3662 432 3715 Α
505 3669 537 3717 21
558 3662 747 3732 ἐμυθεύσαντο
765 3664 794 3717 Β
