2760 4234
244 277 307 341 182
359 277 492 333 FRAGM.
511 267 627 333 LIBRIS
645 278 695 331 DE
713 278 820 334 MENS.
839 277 953 334 FALSO
972 278 1131 333 TRIBUTA

200 449 227 503 Y
242 442 298 504 διδι
326 443 404 517 τοὺς
433 441 623 526 κεραυνούς.
668 453 735 507 τῶν
764 440 877 526 μέντοι
906 446 1179 527 κεραυνοβλῆτων
1210 444 1251 506 τὰ

242 549 375 631 σώματα
397 549 506 630 όίταφα
527 551 769 632 κατελίμπανον
791 549 825 613 ολ
846 551 957 632 πάλαι,
980 547 1173 633 νἰδιιλφδορα
1195 548 1252 632 μό-

240 673 355 718 νοντα·
385 663 442 736 τῆς
471 655 534 739 γὰρ
566 653 603 719 ἐν
632 654 744 731 αὐτοῖς
773 655 954 740 ὑγρότητος
983 653 1251 740 ἀναρπαζομόνης

242 759 307 824 ὑπὸ
330 769 390 824 τοῦ
407 763 523 845 πυρός,
547 761 656 845 ὥσπερ
675 759 908 845 ἀποπτηδέντα
929 760 1098 844 διαμένειν
1114 760 1250 845 πέφυκε.

200 874 226 927 Χ
307 865 327 928 2
343 874 424 942 (176).
441 867 482 931 Ολ
496 877 564 931 τῶν
573 866 737 953 Ἑβραίων
746 870 853 950 λόγιοι
867 869 927 933 τὸν
940 866 1015 953 περὶ
1025 869 1175 953 προγνώ-
1184 877 1306 932 RrIV97

214 987 323 1047 οσεως
344 975 446 1055 λόγον
464 974 539 1058 διχῆ
558 971 745 1058 τέμνουσιν,
769 975 816 1050 εἰς
835 985 950 1060 σημεῖα
968 973 1023 1039 καὶ
1041 973 1171 1059 τέρατα·
1194 973 1249 1039 καὶ
1312 1061 1316 1068 Ι

242 1089 358 1162 σημεῖα
380 1075 442 1162 μὲν
465 1075 549 1145 εἶναι
576 1081 756 1163 βούλονται
777 1082 817 1145 τὰ
840 1080 876 1146 ἐν
900 1083 1076 1166 μετεώροις
1099 1082 1249 1146 συνιστό-

240 1207 338 1268 μενα,
367 1185 486 1271 τέρατα
514 1182 550 1250 δὲ
580 1187 620 1249 τὰ
647 1184 700 1250 ἐπὶ
727 1195 787 1270 γῆς
815 1187 858 1263 ὡς
885 1189 974 1273 παρὰ
1000 1187 1105 1270 φύσιν
1132 1190 1250 1272 φαινό-

181 1315 187 1328 ’
240 1314 333 1374 μενα,
350 1291 469 1358 ὁποῖον
483 1292 589 1358 ἐκεῖνο
602 1293 640 1357 τὸ
655 1291 708 1357 ἐπὶ
722 1302 780 1377 τῆς
793 1292 999 1378 καλουμένης
1011 1305 1078 1359 τῶν
1087 1293 1250 1378 Ἑβραίων

201 1422 227 1462 ιο
242 1395 360 1475 ἐξόδου
378 1397 629 1484 ἀναφερόμενον
646 1397 722 1485 περὶ
736 1399 907 1475 Μωυσέως
925 1399 1042 1464 αὐτοῦ·
1065 1398 1131 1464 *καί
1150 1395 1249 1483 εἶδεν,

241 1503 292 1568 ὅτι
314 1504 335 1587 ἡ
358 1506 457 1588 βάτος
479 1509 618 1589 καίεται,
645 1505 667 1588 ῆ
695 1501 732 1570 δὲ
756 1506 855 1589 βάτος
878 1506 919 1571 οὐ
941 1507 1149 1588 κατεκαίετο.’
1194 1504 1249 1571 καὶ

239 1610 354 1676 πόλιν·
381 1612 509 1697 είρριῆε
531 1615 680 1696 Μωυσῆς
706 1612 767 1695 τὴν
791 1612 917 1698 ῥάβδον
945 1610 998 1677 ἐπὶ
1025 1613 1087 1696 τὴν
1108 1621 1173 1695 γῆν
1194 1612 1249 1678 καὶ
1360 1614 1361 1618 ’

240 1715 368 1799 ἐγένετο
399 1719 496 1802 όφις.’
551 1717 605 1783 καὶ
637 1720 751 1786 πόλιν·
789 1719 973 1802 (εἰσήνεγκε
1004 1722 1152 1802 Μωυσῆς
1189 1720 1250 1802 τῆν

240 1833 333 1908 χεῖρα
355 1826 402 1900 είς
425 1826 484 1890 τὸν
506 1828 632 1892 κόλπον
654 1827 768 1909 αὐτοῦ,
791 1824 846 1890 καὶ
869 1823 998 1909 ἐγένετο
1016 1825 1036 1909 ἡ
1056 1824 1126 1910 χεὶρ
1146 1826 1249 1891 αὐτοῦ

200 1956 226 1995 15
242 1927 320 1994 ὡσεὶ
342 1931 446 2014 χιών.’
483 1926 552 1996 εἶτα
575 1926 688 2007 αὖθις·
711 1930 778 1996 εκαὶ
801 1926 893 1996 εἶπεν
916 1932 1033 2007 ὁδεὸς
1049 1933 1132 2018 πρὸς
1147 1935 1250 1996 Μωυ-

241 2044 315 2118 σῆν·
339 2039 427 2123 λῆῆιη
450 2037 514 2102 ἀπὸ
537 2047 598 2102 τοῦ
620 2037 743 2114 ὕδατος
765 2046 825 2103 τοῦ
847 2047 997 2122 ποταμοῦ
1022 2036 1073 2103 ἐπὶ
1092 2039 1129 2103 τὸ
1149 2037 1249 2124 ξηρὸν

239 2139 294 2207 καὶ
317 2145 408 2209 ἔσται
432 2135 532 2227 αἷμα.’
577 2138 648 2208 εἶτα
669 2144 810 2227 ὑποβάς·
839 2142 910 2209 *καὶ
938 2139 1009 2209 εἶπε
1030 2144 1145 2230 κύριος
1167 2146 1249 2230 πρὸς

239 2253 404 2333 Μωυσῆν·
431 2249 489 2315 ἐὰν
513 2251 637 2336 λαλῆση
663 2252 785 2336 Φαραὼ
808 2252 893 2337 πρὸς
912 2252 998 2335 ὑμᾶς
1021 2250 1137 2334 λέγων,
1160 2253 1248 2316 Δότε

240 2367 376 2440 σημεῖον
397 2356 418 2441 ἢ
441 2356 546 2443 τέρας,
570 2352 649 2441 λαβὲ
671 2357 733 2440 τὴν
756 2358 882 2443 ῥάβδον
905 2375 976 2440 σου,
999 2356 1054 2421 καὶ
1076 2358 1177 2443 ῥίψον
1195 2356 1248 2422 ἐπὶ

200 2489 226 2528 ω
239 2471 297 2546 τῆς
317 2473 387 2548 γῆς,
410 2463 465 2530 καὶ
484 2467 573 2530 ἔσται
593 2464 746 2550 δρόκων.’
781 2463 836 2528 καὶ
855 2463 896 2530 οὐ
913 2474 1016 2529 ταῦτα
1034 2466 1149 2548 μόνον,
1173 2463 1244 2529 ἀλλ’

239 2571 287 2634 ἔτι
310 2570 405 2657 τέρας
428 2573 509 2636 όλλλο
533 2572 763 2656 φοβερώτερον
789 2571 809 2654 ῆ
833 2580 893 2636 τοῦ
916 2573 1038 2648 παντὸς
1061 2573 1248 2654 Αἰγυπτίου
1371 2577 1372 2582 ’

239 2675 361 2752 ὕδατος
393 2679 440 2753 είς
467 2677 598 2762 λύθρον
628 2677 791 2760 μεταβολὴ
823 2675 877 2741 καλ
910 2689 976 2742 τῶν
1007 2679 1181 2763 βατράχων
1212 2679 1249 2742 τὸ

239 2787 369 2866 πλῆθος
391 2781 446 2847 καὶ
470 2783 503 2847 ολ
525 2785 697 2866 λεγόμενοι
725 2792 858 2858 σκνῖπες
884 2781 939 2847 καὶ
962 2784 995 2848 οἱ
1017 2784 1163 2868 μύωπος,
1191 2783 1250 2861 οὓς

241 2887 336 2954 αὐτοὶ
363 2893 501 2954 καλοῦσι
524 2889 716 2973 κυνομύιας,
745 2885 799 2953 καὶ
827 2888 847 2972 ῆ
879 2900 947 2954 τῶν
975 2901 1105 2972 κτηνῶν
1135 2893 1250 2974 φθορὰ

200 3022 225 3062 ιε
240 2994 295 3061 καὶ
325 2996 342 3061 δ
370 2997 541 3081 κονιορτὸς
568 2995 586 3061 ὁ
615 2993 773 3079 ἑλκώδης,
804 3001 1003 3080 φλυκταίναι
1029 2996 1084 3062 καλ
1108 2980 1250 3082 ἀκρίδες,

240 3113 343 3169 ταῦτα
365 3104 473 3168 πάντα
495 3101 613 3187 τέρατα
640 3100 682 3166 δν
707 3104 842 3178 δικαίως
869 3101 1028 3186 λε’γοιντο.
1074 3115 1190 3187 σημεῖα
1214 3100 1250 3168 δὲ
1370 3123 1371 3128 ’

312 3285 327 3342 ξ
347 3284 397 3333 176
416 3276 529 3332 Exodus
548 3294 570 3330 ο.
585 3276 685 3330 III-X
758 3295 783 3331 v,
801 3282 833 3330 ¹0
850 3276 920 3332 ibid.
940 3295 963 3333 ο.
977 3277 1024 3345 111,
1039 3283 1055 3330 2
1128 3283 1161 3331 12
1179 3277 1249 3332 ibid.

241 3348 356 3418 c.1v,3
422 3355 455 3402 13
472 3348 541 3403 ibid.
560 3348 639 3416 IV‚6
704 3353 736 3402 16
754 3346 823 3402 ibid.
843 3348 921 3417 1V‚9
984 3353 1016 3401 17
1035 3347 1103 3402 ibid.
1120 3347 1177 3417 VII,
1193 3353 1249 3403 8.9
1369 3431 1370 3446 ρ

311 3528 335 3563 v.
353 3517 365 3563 1
385 3519 441 3565 τῶν
459 3506 553 3578 μέντοι
567 3513 633 3560 -4
651 3506 759 3577 πέφυκε
777 3506 856 3561 omis.
871 3509 903 3561 X
973 3513 989 3562 6
1006 3505 1165 3579 τέμνουσιν]
1204 3506 1250 3578 έμ-

240 3581 387 3704 μρυμργΧΑ
461 3585 494 3634 10
513 3575 599 3650 εἶδεν]
619 3578 671 3648 δρᾶ
683 3579 758 3632 LXX
830 3584 862 3633 11
882 3578 897 3633 δ
916 3577 1000 3650 βάτος
1018 3577 1126 3633 καίεται
1139 3580 1250 3647 πνρλ,δ
