2790 4214
421 279 529 334 LIBER
547 279 723 345 QUARTUS.
748 279 907 334 MARTIUS
1107 280 1168 344 101

163 445 291 519 όώὺους
318 444 431 529 άρτου,
462 445 607 527 ἔπεμπον
637 454 707 519 τοῖς
734 443 771 508 ἐν
797 446 884 530 λόγω
908 441 1084 528 Ῥωμυλίας
1112 441 1168 507 άν-
1182 451 1209 506 X

163 552 282 626 νώνας·
306 549 391 615 οὑτω
416 546 452 614 δὲ
474 550 594 626 ταύτας
618 549 769 632 ἐκάλουν,
791 550 848 614 διὰ
870 550 907 614 τὸ
925 551 1011 614 πατὰ
1033 550 1094 632 την
1118 548 1169 614 ἐν·

163 657 265 740 νάτην
287 658 378 742 ὥραν
401 655 613 721 ἐπιόίόοσθαι
638 657 722 742 πρὸς
744 664 803 721 τοὺ
823 654 990 740 Ῥωμύλου
1012 656 1073 738 τὴν
1095 679 1170 741 τρο-

163 764 231 848 φην
261 745 331 839 τοῖς
364 763 575 848 στρατιώταις
708 761 762 827 καὶ
793 763 856 847 γάρ
892 761 1169 838 Οὐαλεντινιανὸς

162 869 358 945 ἀπαίδευτος
380 865 422 952 ἦν
444 868 498 934 καὶ
521 871 627 953 μόνον
645 918 652 933 .
668 919 675 933 .
690 915 721 936 ..
739 869 931 954 βαρύμηνις.

109 985 194 1040 RrIV
202 992 235 1041 31
266 975 318 1039 44.
350 979 396 1062 Τη
419 977 483 1061 πρὸ
512 977 680 1061 τεσσάρων
707 979 839 1040 Νωνῶν
861 978 1024 1061 Μαρτίων
1047 976 1170 1059 ἄνεμον

161 1084 350 1168 βιαιότερον
373 1083 416 1158 ὡς
439 1080 560 1147 ἐπίπαν
582 1093 680 1148 πνεῖν
702 1081 855 1168 προλέγει
878 1081 896 1146 ὁ
920 1079 1077 1159 Εὔδοξος.

111 1207 144 1255 32
230 1187 282 1252 45.
309 1192 355 1274 Τῇ
378 1189 443 1272 πρὸ
466 1198 568 1272 τριῶν
590 1192 723 1253 Νωνῶν
745 1190 908 1273 Μαρτίων
935 1187 953 1252 ὁ
980 1193 1085 1264 πλοῦς
1111 1198 1169 1272 τῆς

153 1294 277 1371 Ἴσιδος
300 1294 496 1377 ἐπετελεῖτο,
524 1293 564 1358 ὃν
591 1297 639 1359 ἔτι
668 1292 723 1358 καὶ
751 1303 815 1358 νῦν
838 1298 1009 1369 τελοῦντες
1031 1300 1170 1359 καλοῦσι

162 1399 370 1485 πλοιαφέσια.
415 1398 435 1482 η
467 1395 504 1463 ὑὲ
526 1391 605 1476 Ἶσις
634 1410 673 1486 τῇ
701 1402 897 1484 Αἰγυπτίων
926 1409 1021 1486 φωνῇ
1048 1403 1172 1467 παλαιά
1186 1429 1212 1467 10

163 1510 366 1592 σημαίνεται,
389 1505 560 1571 τουτέστιν
581 1505 601 1589 ἡ
625 1508 759 1591 σελήνη·
782 1504 837 1571 καὶ
859 1509 1092 1592 προσηκόντως
1114 1507 1173 1572 αὑ-

164 1613 225 1696 τὴν
247 1624 386 1697 τιμῶσιν
409 1612 623 1699 ἐναρχόμενοι
641 1624 708 1678 τῶν
730 1617 919 1678 θαλαττίων
938 1613 1037 1699 ὁδῶν,
1060 1616 1117 1680 όιὺ
1135 1615 1172 1680 τὸ

164 1719 278 1803 αὑτην,
301 1720 345 1795 ὑς
369 1718 534 1804 ἐλέγομεν,
556 1729 595 1805 τῇ
619 1720 719 1804 φύσει
741 1732 808 1786 τῶν
830 1721 963 1786 ὑόάτων
987 1720 1173 1806 ἐφεστάναι.

165 1823 246 1910 φασί
274 1822 311 1890 δὲ
338 1827 462 1910 ταύτην
489 1824 544 1890 καὶ
570 1827 684 1909 ὑγείας
711 1821 797 1892 εἶναι
824 1828 993 1912 όότειραν,
1020 1829 1172 1913 καθάπερ

163 1932 257 2017 ἡμεῖς
278 1933 338 1997 τὸν
355 1930 562 2016 Ἀσκληπιόν.
604 1921 729 1998 Ιταύτὸν
756 1931 785 1997 δ’
809 1932 852 1998 av
879 1940 943 2018 είη·
971 1935 1079 2020 ὥσπερ
1107 1936 1171 2021 γὰρ
1187 1960 1212 2000 15

163 2038 256 2123 ἡμεῖς
279 2039 338 2103 τὸν
360 2039 457 2121 ἥλιον
480 2040 526 2116 είς
548 2039 607 2103 τὸν
625 2037 824 2122 Ἀσκληπιὸν
846 2040 1070 2123 λαμβάνοντες
1092 2043 1173 2124 μετὰ

164 2147 222 2222 τὰς
255 2144 383 2210 ἐκείνου
415 2147 541 2229 δυσμὰς
573 2153 630 2228 τῆς
660 2147 779 2222 νυκτὸς
806 2145 1037 2231 ἐπιγινομένης
1064 2153 1173 2212 αίτιον

166 2251 268 2317 αὑτὸν
290 2260 351 2316 τοῦ
372 2251 481 2317 ύπνου
507 2249 562 2316 καλ
586 2253 705 2328 νυκτὸς
731 2251 785 2318 καὶ
809 2253 1037 2336 ἀναπαύσεως,
1066 2259 1173 2318 αίτιον

164 2357 219 2422 καὶ
236 2359 360 2443 όοτηρα
373 2367 430 2442 της
442 2358 556 2440 ὑγείας
645 2360 861 2443 μυθεύουσιν.
898 2359 916 2424 ὑ
931 2355 968 2423 δὲ
982 2361 1174 2444 Χαιρωνεύς

159 2457 242 2529 Ἶσιν
264 2461 326 2548 μὲν
348 2464 409 2546 τὴν
431 2472 495 2548 γῆν
518 2460 604 2529 εἶναι
622 2466 776 2549 βούλεται
798 2464 854 2530 καὶ
867 2463 999 2550 Ὄσιριν
1017 2467 1076 2530 τὸν
1094 2470 1173 2532 Νεῖ-
1187 2494 1214 2532 ιο

164 2576 239 2654 λον,
271 2575 417 2655 Τυφῶνα
440 2567 477 2635 δὲ
498 2572 560 2654 την
583 2573 766 2655 θάλατταν,
794 2574 840 2648 είς
863 2571 906 2654 ἣν
932 2572 949 2637 ὁ
972 2575 1096 2648 Νεῖλος
1120 2572 1136 2637 ό
1159 2614 1173 2623 -

163 2681 293 2742 πίπτων
316 2676 513 2761 ἀφανίζεται.

112 2803 145 2850 33
230 2785 281 2850 46.
315 2784 382 2866 Τὴν
414 2783 525 2867 Τύχην
552 2785 584 2848 ολ
604 2781 760 2866 Ἕλληνες
786 2786 954 2871 γράφουσι
981 2788 1174 2872 βουπρόσω-

164 2911 241 2955 πον·
270 2889 333 2973 ἐγὼ
358 2887 386 2954 δ’.
411 2885 502 2974 οίμαι
525 2890 587 2972 τὴν
608 2890 717 2976 ὑγρὰν
740 2886 825 2956 εἶναι
851 2891 984 2976 οὐσίαν,
1013 2895 1095 2959 ὅθεν
1117 2891 1174 2957 καὶ

166 2998 291 3062 άκουαν
314 2996 419 3079 αὐτην
432 2995 602 3080 Ῥωμαίοις
624 3000 704 3073 ἔθος
723 3003 837 3063 καλεῖν
856 2997 918 3064 άπὸ
937 3009 995 3084 τῆς
1015 3002 1174 3082 ἰσότητος,
1187 3023 1214 3063 25

236 3171 260 3206 v.
277 3159 291 3206 7
310 3152 442 3206 Eudoxus
456 3153 641 3207 Waahsmuizh
661 3153 695 3207 de
714 3157 765 3210 οεῖ.
785 3173 812 3224 p.
826 3161 878 3209 296
897 3174 938 3210 nr.
954 3161 969 3209 9
1047 3160 1081 3208 20
1099 3153 1173 3208 Plut.

166 3225 200 3278 de
218 3224 253 3278 Is.
274 3226 302 3278 et
320 3224 365 3278 Os.
386 3240 408 3278 ο.
424 3228 457 3277 32
476 3243 502 3293 p.
518 3223 604 3276 3631)

236 3384 259 3420 v.
281 3372 294 3418 1
315 3362 461 3434 ᾇωμυλίοις
479 3367 506 3419 A
531 3368 535 3436 1
560 3364 666 3430 ἀνόνας
688 3368 720 3420 Χ
807 3373 823 3421 ὅ
842 3367 972 3420 lacunam
994 3365 1175 3420 indicandam

164 3437 262 3507 putavi
370 3443 384 3490 ῖ
404 3434 530 3502 εόὺόξιος
547 3439 587 3506 A,
609 3454 677 3490 corr.
697 3437 735 3508 A¹
844 3443 860 3490 8
879 3446 949 3498 ποῦς
967 3437 1006 3506 A,
1030 3441 1115 3501 πλοῖς
1133 3439 1171 3511 A,

166 3514 198 3561 11
217 3505 410 3577 προσηκόντας
427 3509 463 3576 A,
482 3506 677 3577 προσηκόντως
695 3524 763 3561 corr.
782 3508 842 3560 ead.
856 3526 892 3560 m.
966 3513 999 3560 16
1017 3509 1173 3634 λαμβάνον-

165 3599 209 3641 τες
231 3577 248 3647 ἢ
272 3577 339 3648 μετὰ
359 3580 386 3632 Β
496 3586 529 3633 19
547 3578 677 3633 lacunam
700 3577 836 3631 indicavit
854 3578 905 3631 δεῖ
1012 3585 1046 3634 20
1077 3598 1128 3650 την
1147 3581 1174 3634 Β

167 3657 200 3704 23
219 3648 363 3720 βοοπρόσω
382 3651 417 3717 Α,
438 3667 505 3705 corr.
521 3651 558 3721 A„
632 3654 665 3702 25
685 3648 794 3703 ἀκουὺν
812 3649 838 3701 A
