<?xml version="1.0" encoding="UTF-8"?>
<!DOCTYPE html PUBLIC "-//W3C//DTD XHTML 1.0 Transitional//EN"
    "http://www.w3.org/TR/xhtml1/DTD/xhtml1-transitional.dtd">
<html xmlns="http://www.w3.org/1999/xhtml" xml:lang="en" lang="en">
 <head>
  <title>
</title>
<meta http-equiv="Content-Type" content="text/html;charset=utf-8" />
  <meta name='ocr-system' content='tesseract 3.04.00' />
  <meta name='ocr-capabilities' content='ocr_page ocr_carea ocr_par ocr_line ocrx_word'/>
</head>
<body>
  <div class='ocr_page' id='page_1' title='image "./ioannislaurenti02wuengoog_0077.png"; bbox 0 0 2788 4222; ppageno 0'>
   <div class='ocr_carea' id='block_1_1' title="bbox 223 235 829 290">
    <p class='ocr_par' dir='ltr' id='par_1_1' title="bbox 223 235 829 290">
     <span class='ocr_line' id='line_1_1' title="bbox 223 235 829 290; baseline -0.002 0"><span class='ocrx_word' id='word_1_1' title='bbox 223 235 336 290; x_wconf 84' lang='lat' dir='ltr'>LXXIV</span> <span class='ocrx_word' id='word_1_2' title='bbox 626 235 829 290; x_wconf 80' lang='lat' dir='ltr'><strong>PRAEFATIO</strong></span> 
     </span>
    </p>
   </div>
   <div class='ocr_carea' id='block_1_2' title="bbox 220 403 1236 3139">
    <p class='ocr_par' dir='ltr' id='par_1_2' title="bbox 220 403 1236 3139">
     <span class='ocr_line' id='line_1_2' title="bbox 223 403 1232 482; baseline -0.003 -17"><span class='ocrx_word' id='word_1_3' title='bbox 223 408 327 482; x_wconf 85' lang='lat' dir='ltr'><strong>carpta</strong></span> <span class='ocrx_word' id='word_1_4' title='bbox 353 406 407 463; x_wconf 93' lang='lat' dir='ltr'><strong>illa</strong></span> <span class='ocrx_word' id='word_1_5' title='bbox 434 403 645 478; x_wconf 79' lang='lat' dir='ltr'><strong>distribuerim,</strong></span> <span class='ocrx_word' id='word_1_6' title='bbox 672 404 763 462; x_wconf 90' lang='lat' dir='ltr'><strong>semel</strong></span> <span class='ocrx_word' id='word_1_7' title='bbox 789 403 955 478; x_wconf 74' lang='lat' dir='ltr'><strong>iterumque</strong></span> <span class='ocrx_word' id='word_1_8' title='bbox 982 403 1097 462; x_wconf 91' lang='lat' dir='ltr'><strong>monui:</strong></span> <span class='ocrx_word' id='word_1_9' title='bbox 1127 403 1232 479; x_wconf 89' lang='lat' dir='ltr'><strong>quibus</strong></span> 
     </span>
     <span class='ocr_line' id='line_1_3' title="bbox 223 491 1233 568; baseline -0.002 -16"><span class='ocrx_word' id='word_1_10' title='bbox 223 494 367 552; x_wconf 89' lang='lat' dir='ltr'><strong>hocloco</strong></span> <span class='ocrx_word' id='word_1_11' title='bbox 390 491 556 550; x_wconf 88' lang='lat' dir='ltr'><strong>addendum</strong></span> <span class='ocrx_word' id='word_1_12' title='bbox 583 495 641 566; x_wconf 91' lang='lat' dir='ltr'><strong>est,</strong></span> <span class='ocrx_word' id='word_1_13' title='bbox 668 510 722 568; x_wconf 93' lang='lat' dir='ltr'><strong>pro</strong></span> <span class='ocrx_word' id='word_1_14' title='bbox 749 492 942 550; x_wconf 85' lang='lat' dir='ltr'><strong>fundamento</strong></span> <span class='ocrx_word' id='word_1_15' title='bbox 971 511 1038 550; x_wconf 90' lang='lat' dir='ltr'><strong>eum</strong></span> <span class='ocrx_word' id='word_1_16' title='bbox 1064 491 1233 550; x_wconf 89' lang='lat' dir='ltr'><strong>habendum</strong></span> 
     </span>
     <span class='ocr_line' id='line_1_4' title="bbox 224 579 1233 658; baseline 0 -20"><span class='ocrx_word' id='word_1_17' title='bbox 224 600 287 640; x_wconf 87' lang='lat' dir='ltr'><strong>esse</strong></span> <span class='ocrx_word' id='word_1_18' title='bbox 310 581 544 658; x_wconf 78' lang='lat' dir='ltr'><strong>fragmentorum</strong></span> <span class='ocrx_word' id='word_1_19' title='bbox 567 581 707 654; x_wconf 88' lang='lat' dir='ltr'><strong>ordinem,</strong></span> <span class='ocrx_word' id='word_1_20' title='bbox 732 581 783 656; x_wconf 92' lang='lat' dir='ltr'><strong>qui</strong></span> <span class='ocrx_word' id='word_1_21' title='bbox 804 599 821 638; x_wconf 99' lang='lat' dir='ltr'><strong>a</strong></span> <span class='ocrx_word' id='word_1_22' title='bbox 840 579 990 640; x_wconf 81' lang='lat' dir='ltr'><strong>codicibus</strong></span> <span class='ocrx_word' id='word_1_23' title='bbox 1008 581 1187 639; x_wconf 82' lang='lat' dir='ltr'><strong>recensionis</strong></span> <span class='ocrx_word' id='word_1_24' title='bbox 1205 581 1233 638; x_wconf 88' lang='lat' dir='ltr'>X</span> 
     </span>
     <span class='ocr_line' id='line_1_5' title="bbox 222 668 1232 745; baseline -0.001 -17"><span class='ocrx_word' id='word_1_25' title='bbox 222 668 361 743; x_wconf 84' lang='lat' dir='ltr'><strong>traditur,</strong></span> <span class='ocrx_word' id='word_1_26' title='bbox 389 669 498 744; x_wconf 89' lang='lat' dir='ltr'><strong>quippe</strong></span> <span class='ocrx_word' id='word_1_27' title='bbox 528 686 601 744; x_wconf 91' lang='lat' dir='ltr'><strong>quos</strong></span> <span class='ocrx_word' id='word_1_28' title='bbox 624 671 756 745; x_wconf 83' lang='lat' dir='ltr'><strong>proxime</strong></span> <span class='ocrx_word' id='word_1_29' title='bbox 784 669 823 727; x_wconf 90' lang='lat' dir='ltr'><strong>ad</strong></span> <span class='ocrx_word' id='word_1_30' title='bbox 844 670 937 745; x_wconf 89' lang='lat' dir='ltr'><strong>ipsius</strong></span> <span class='ocrx_word' id='word_1_31' title='bbox 960 668 1115 728; x_wconf 90' lang='lat' dir='ltr'><strong>Laurentii</strong></span> <span class='ocrx_word' id='word_1_32' title='bbox 1142 669 1232 729; x_wconf 86' lang='lat' dir='ltr'><strong>verba</strong></span> 
     </span>
     <span class='ocr_line' id='line_1_6' title="bbox 221 757 1233 835; baseline -0.002 -18"><span class='ocrx_word' id='word_1_33' title='bbox 221 758 361 817; x_wconf 87' lang='lat' dir='ltr'><strong>accedere</strong></span> <span class='ocrx_word' id='word_1_34' title='bbox 383 758 445 816; x_wconf 87' lang='lat' dir='ltr'><strong>iam</strong></span> <span class='ocrx_word' id='word_1_35' title='bbox 468 775 501 815; x_wconf 90' lang='lat' dir='ltr'><strong>eo</strong></span> <span class='ocrx_word' id='word_1_36' title='bbox 525 758 690 832; x_wconf 89' lang='lat' dir='ltr'><strong>doceamur,</strong></span> <span class='ocrx_word' id='word_1_37' title='bbox 713 757 793 834; x_wconf 92' lang='lat' dir='ltr'><strong>quod</strong></span> <span class='ocrx_word' id='word_1_38' title='bbox 815 758 871 816; x_wconf 94' lang='lat' dir='ltr'><strong>soli</strong></span> <span class='ocrx_word' id='word_1_39' title='bbox 889 758 1072 835; x_wconf 89' lang='lat' dir='ltr'><strong>singulorum</strong></span> <span class='ocrx_word' id='word_1_40' title='bbox 1091 757 1233 816; x_wconf 87' lang='lat' dir='ltr'><strong>librorum</strong></span> 
     </span>
     <span class='ocr_line' id='line_1_7' title="bbox 223 845 1232 924; baseline 0 -20"><span class='ocrx_word' id='word_1_41' title='bbox 223 846 444 904; x_wconf 84' lang='lat' dir='ltr'><strong>distinctionem</strong></span> <span class='ocrx_word' id='word_1_42' title='bbox 467 845 650 906; x_wconf 85' lang='lat' dir='ltr'><strong>servaverint</strong></span> <span class='ocrx_word' id='word_1_43' title='bbox 672 849 703 906; x_wconf 91' lang='lat' dir='ltr'><strong>et</strong></span> <span class='ocrx_word' id='word_1_44' title='bbox 724 847 839 906; x_wconf 91' lang='lat' dir='ltr'><strong>titulos.</strong></span> <span class='ocrx_word' id='word_1_45' title='bbox 884 847 930 905; x_wconf 90' lang='lat' dir='ltr'><strong>his</strong></span> <span class='ocrx_word' id='word_1_46' title='bbox 954 846 1088 906; x_wconf 90' lang='lat' dir='ltr'><strong>codicum</strong></span> <span class='ocrx_word' id='word_1_47' title='bbox 1104 847 1132 904; x_wconf 89' lang='lat' dir='ltr'>X</span> <span class='ocrx_word' id='word_1_48' title='bbox 1153 847 1232 924; x_wconf 81' lang='lat' dir='ltr'><strong>frag-</strong></span> 
     </span>
     <span class='ocr_line' id='line_1_8' title="bbox 222 934 1233 1012; baseline 0 -20"><span class='ocrx_word' id='word_1_49' title='bbox 222 934 332 994; x_wconf 88' lang='lat' dir='ltr'><strong>mentis</strong></span> <span class='ocrx_word' id='word_1_50' title='bbox 358 934 514 994; x_wconf 89' lang='lat' dir='ltr'><strong>inserenda</strong></span> <span class='ocrx_word' id='word_1_51' title='bbox 541 938 626 994; x_wconf 89' lang='lat' dir='ltr'><strong>erant</strong></span> <span class='ocrx_word' id='word_1_52' title='bbox 655 935 895 1012; x_wconf 79' lang='lat' dir='ltr'><strong>apographorum</strong></span> <span class='ocrx_word' id='word_1_53' title='bbox 921 935 949 993; x_wconf 89' lang='lat' dir='ltr'>Y</span> <span class='ocrx_word' id='word_1_54' title='bbox 976 938 1126 1012; x_wconf 87' lang='lat' dir='ltr'><strong>excerpta:</strong></span> <span class='ocrx_word' id='word_1_55' title='bbox 1155 953 1233 1010; x_wconf 91' lang='lat' dir='ltr'><strong>quae</strong></span> 
     </span>
     <span class='ocr_line' id='line_1_9' title="bbox 224 1022 1232 1099; baseline 0.001 -19"><span class='ocrx_word' id='word_1_56' title='bbox 224 1042 270 1081; x_wconf 90' lang='lat' dir='ltr'><strong>res</strong></span> <span class='ocrx_word' id='word_1_57' title='bbox 299 1023 474 1084; x_wconf 87' lang='lat' dir='ltr'><strong>aSchowio</strong></span> <span class='ocrx_word' id='word_1_58' title='bbox 505 1025 654 1099; x_wconf 91' lang='lat' dir='ltr'><strong>quondam</strong></span> <span class='ocrx_word' id='word_1_59' title='bbox 680 1023 821 1083; x_wconf 91' lang='lat' dir='ltr'><strong>instituta</strong></span> <span class='ocrx_word' id='word_1_60' title='bbox 849 1023 887 1083; x_wconf 91' lang='lat' dir='ltr'><strong>ad</strong></span> <span class='ocrx_word' id='word_1_61' title='bbox 916 1022 1006 1082; x_wconf 88' lang='lat' dir='ltr'><strong>finem</strong></span> <span class='ocrx_word' id='word_1_62' title='bbox 1035 1026 1099 1082; x_wconf 90' lang='lat' dir='ltr'><strong>erat</strong></span> <span class='ocrx_word' id='word_1_63' title='bbox 1125 1023 1232 1098; x_wconf 90' lang='lat' dir='ltr'><strong>perdu-</strong></span> 
     </span>
     <span class='ocr_line' id='line_1_10' title="bbox 222 1111 1233 1187; baseline -0.002 -16"><span class='ocrx_word' id='word_1_64' title='bbox 222 1112 328 1185; x_wconf 71' lang='lat' dir='ltr'><strong>cenda,</strong></span> <span class='ocrx_word' id='word_1_65' title='bbox 349 1131 407 1187; x_wconf 91' lang='lat' dir='ltr'><strong>quo</strong></span> <span class='ocrx_word' id='word_1_66' title='bbox 430 1113 509 1172; x_wconf 87' lang='lat' dir='ltr'><strong>facto</strong></span> <span class='ocrx_word' id='word_1_67' title='bbox 532 1112 571 1171; x_wconf 87' lang='lat' dir='ltr'><strong>ad</strong></span> <span class='ocrx_word' id='word_1_68' title='bbox 592 1112 725 1172; x_wconf 91' lang='lat' dir='ltr'><strong>locorum</strong></span> <span class='ocrx_word' id='word_1_69' title='bbox 742 1112 822 1171; x_wconf 89' lang='lat' dir='ltr'><strong>inter</strong></span> <span class='ocrx_word' id='word_1_70' title='bbox 838 1113 866 1170; x_wconf 93' lang='lat' dir='ltr'>X</span> <span class='ocrx_word' id='word_1_71' title='bbox 888 1115 919 1170; x_wconf 89' lang='lat' dir='ltr'><strong>et</strong></span> <span class='ocrx_word' id='word_1_72' title='bbox 936 1112 964 1170; x_wconf 89' lang='lat' dir='ltr'>Y</span> <span class='ocrx_word' id='word_1_73' title='bbox 986 1111 1233 1171; x_wconf 82' lang='lat' dir='ltr'><strong>consentientium</strong></span> 
     </span>
     <span class='ocr_line' id='line_1_11' title="bbox 222 1200 1231 1277; baseline 0 -19"><span class='ocrx_word' id='word_1_74' title='bbox 222 1201 311 1259; x_wconf 90' lang='lat' dir='ltr'><strong>fidem</strong></span> <span class='ocrx_word' id='word_1_75' title='bbox 334 1201 482 1277; x_wconf 88' lang='lat' dir='ltr'><strong>plerisque</strong></span> <span class='ocrx_word' id='word_1_76' title='bbox 505 1200 642 1277; x_wconf 85' lang='lat' dir='ltr'><strong>partibus</strong></span> <span class='ocrx_word' id='word_1_77' title='bbox 665 1200 727 1260; x_wconf 91' lang='lat' dir='ltr'><strong>sine</strong></span> <span class='ocrx_word' id='word_1_78' title='bbox 750 1201 813 1259; x_wconf 90' lang='lat' dir='ltr'><strong>ulla</strong></span> <span class='ocrx_word' id='word_1_79' title='bbox 836 1200 1013 1260; x_wconf 89' lang='lat' dir='ltr'><strong>difficultate</strong></span> <span class='ocrx_word' id='word_1_80' title='bbox 1034 1200 1125 1259; x_wconf 90' lang='lat' dir='ltr'><strong>inseri</strong></span> <span class='ocrx_word' id='word_1_81' title='bbox 1149 1203 1231 1276; x_wconf 90' lang='lat' dir='ltr'><strong>pote-</strong></span> 
     </span>
     <span class='ocr_line' id='line_1_12' title="bbox 223 1289 1233 1365; baseline -0.001 -17"><span class='ocrx_word' id='word_1_82' title='bbox 223 1293 293 1348; x_wconf 83' lang='lat' dir='ltr'><strong>rant</strong></span> <span class='ocrx_word' id='word_1_83' title='bbox 315 1289 450 1349; x_wconf 90' lang='lat' dir='ltr'><strong>codieum</strong></span> <span class='ocrx_word' id='word_1_84' title='bbox 471 1289 501 1348; x_wconf 93' lang='lat' dir='ltr'>H</span> <span class='ocrx_word' id='word_1_85' title='bbox 524 1289 593 1349; x_wconf 74' lang='grc'><strong>018</strong></span> <span class='ocrx_word' id='word_1_86' title='bbox 616 1289 756 1364; x_wconf 86' lang='lat' dir='ltr'><strong>frustula,</strong></span> <span class='ocrx_word' id='word_1_87' title='bbox 778 1308 874 1365; x_wconf 89' lang='lat' dir='ltr'><strong>neque</strong></span> <span class='ocrx_word' id='word_1_88' title='bbox 893 1290 1078 1365; x_wconf 89' lang='lat' dir='ltr'><strong>reliquorum</strong></span> <span class='ocrx_word' id='word_1_89' title='bbox 1099 1289 1233 1348; x_wconf 89' lang='lat' dir='ltr'><strong>codicum</strong></span> 
     </span>
     <span class='ocr_line' id='line_1_13' title="bbox 222 1369 1232 1458; baseline -0.001 -22"><span class='ocrx_word' id='word_1_90' title='bbox 222 1369 308 1458; x_wconf 80' lang='lat' dir='ltr'>(PR)</span> <span class='ocrx_word' id='word_1_91' title='bbox 336 1379 476 1438; x_wconf 88' lang='lat' dir='ltr'><strong>auctariis</strong></span> <span class='ocrx_word' id='word_1_92' title='bbox 507 1397 559 1438; x_wconf 90' lang='lat' dir='ltr'><strong>sua</strong></span> <span class='ocrx_word' id='word_1_93' title='bbox 590 1379 658 1438; x_wconf 90' lang='lat' dir='ltr'><strong>sede</strong></span> <span class='ocrx_word' id='word_1_94' title='bbox 687 1378 862 1453; x_wconf 89' lang='lat' dir='ltr'><strong>recipiendis</strong></span> <span class='ocrx_word' id='word_1_95' title='bbox 893 1377 1058 1454; x_wconf 89' lang='lat' dir='ltr'><strong>quidquam</strong></span> <span class='ocrx_word' id='word_1_96' title='bbox 1087 1377 1232 1450; x_wconf 78' lang='lat' dir='ltr'><strong>obstabat,</strong></span> 
     </span>
     <span class='ocr_line' id='line_1_14' title="bbox 224 1465 1233 1544; baseline -0.002 -18"><span class='ocrx_word' id='word_1_97' title='bbox 224 1467 297 1542; x_wconf 91' lang='lat' dir='ltr'><strong>quia</strong></span> <span class='ocrx_word' id='word_1_98' title='bbox 319 1465 455 1542; x_wconf 87' lang='lat' dir='ltr'><strong>Lydiana</strong></span> <span class='ocrx_word' id='word_1_99' title='bbox 477 1485 508 1526; x_wconf 89' lang='lat' dir='ltr'><strong>se</strong></span> <span class='ocrx_word' id='word_1_100' title='bbox 532 1484 594 1526; x_wconf 87' lang='lat' dir='ltr'><strong>esse</strong></span> <span class='ocrx_word' id='word_1_101' title='bbox 618 1466 811 1526; x_wconf 87' lang='lat' dir='ltr'><strong>ostendebant</strong></span> <span class='ocrx_word' id='word_1_102' title='bbox 835 1485 883 1541; x_wconf 88' lang='lat' dir='ltr'><strong>eo,</strong></span> <span class='ocrx_word' id='word_1_103' title='bbox 911 1467 991 1542; x_wconf 93' lang='lat' dir='ltr'><strong>quod</strong></span> <span class='ocrx_word' id='word_1_104' title='bbox 1019 1469 1142 1544; x_wconf 84' lang='lat' dir='ltr'><strong>aparte</strong></span> <span class='ocrx_word' id='word_1_105' title='bbox 1166 1485 1233 1525; x_wconf 91' lang='lat' dir='ltr'><strong>con-</strong></span> 
     </span>
     <span class='ocr_line' id='line_1_15' title="bbox 222 1553 1233 1632; baseline -0.003 -17"><span class='ocrx_word' id='word_1_106' title='bbox 222 1555 392 1615; x_wconf 90' lang='lat' dir='ltr'><strong>sentiebant</strong></span> <span class='ocrx_word' id='word_1_107' title='bbox 415 1575 483 1615; x_wconf 90' lang='lat' dir='ltr'><strong>eum</strong></span> <span class='ocrx_word' id='word_1_108' title='bbox 506 1556 608 1631; x_wconf 88' lang='lat' dir='ltr'><strong>aliqua</strong></span> <span class='ocrx_word' id='word_1_109' title='bbox 626 1555 663 1614; x_wconf 93' lang='lat' dir='ltr'><strong>de</strong></span> <span class='ocrx_word' id='word_1_110' title='bbox 680 1554 830 1615; x_wconf 89' lang='lat' dir='ltr'><strong>mensibus</strong></span> <span class='ocrx_word' id='word_1_111' title='bbox 848 1554 919 1614; x_wconf 90' lang='lat' dir='ltr'><strong>libri</strong></span> <span class='ocrx_word' id='word_1_112' title='bbox 936 1555 1135 1632; x_wconf 83' lang='lat' dir='ltr'><strong>paragrapho,</strong></span> <span class='ocrx_word' id='word_1_113' title='bbox 1155 1553 1233 1612; x_wconf 89' lang='lat' dir='ltr'><strong>unde</strong></span> 
     </span>
     <span class='ocr_line' id='line_1_16' title="bbox 223 1642 1232 1720; baseline 0 -18"><span class='ocrx_word' id='word_1_114' title='bbox 223 1645 379 1702; x_wconf 91' lang='lat' dir='ltr'><strong>inserenda</strong></span> <span class='ocrx_word' id='word_1_115' title='bbox 397 1643 451 1703; x_wconf 86' lang='lat' dir='ltr'><strong>illa</strong></span> <span class='ocrx_word' id='word_1_116' title='bbox 470 1662 532 1703; x_wconf 88' lang='lat' dir='ltr'><strong>esse</strong></span> <span class='ocrx_word' id='word_1_117' title='bbox 550 1643 623 1719; x_wconf 90' lang='lat' dir='ltr'><strong>ipsis</strong></span> <span class='ocrx_word' id='word_1_118' title='bbox 641 1643 711 1720; x_wconf 90' lang='lat' dir='ltr'><strong>illis,</strong></span> <span class='ocrx_word' id='word_1_119' title='bbox 735 1643 912 1720; x_wconf 87' lang='lat' dir='ltr'><strong>quibuscum</strong></span> <span class='ocrx_word' id='word_1_120' title='bbox 930 1643 1142 1718; x_wconf 88' lang='lat' dir='ltr'><strong>conspirarent,</strong></span> <span class='ocrx_word' id='word_1_121' title='bbox 1159 1642 1232 1702; x_wconf 86' lang='lat' dir='ltr'><strong>locis</strong></span> 
     </span>
     <span class='ocr_line' id='line_1_17' title="bbox 222 1730 1234 1808; baseline 0 -18"><span class='ocrx_word' id='word_1_122' title='bbox 222 1733 347 1808; x_wconf 90' lang='lat' dir='ltr'><strong>planum</strong></span> <span class='ocrx_word' id='word_1_123' title='bbox 375 1735 446 1792; x_wconf 89' lang='lat' dir='ltr'><strong>erat.</strong></span> <span class='ocrx_word' id='word_1_124' title='bbox 493 1731 671 1791; x_wconf 89' lang='lat' dir='ltr'><strong>accedebant</strong></span> <span class='ocrx_word' id='word_1_125' title='bbox 701 1735 802 1791; x_wconf 87' lang='lat' dir='ltr'><strong>autem</strong></span> <span class='ocrx_word' id='word_1_126' title='bbox 831 1733 881 1808; x_wconf 88' lang='lat' dir='ltr'><strong>iis,</strong></span> <span class='ocrx_word' id='word_1_127' title='bbox 913 1750 988 1808; x_wconf 91' lang='lat' dir='ltr'><strong>quae</strong></span> <span class='ocrx_word' id='word_1_128' title='bbox 1018 1732 1074 1790; x_wconf 89' lang='lat' dir='ltr'><strong>tali</strong></span> <span class='ocrx_word' id='word_1_129' title='bbox 1103 1730 1190 1790; x_wconf 92' lang='lat' dir='ltr'><strong>modo</strong></span> <span class='ocrx_word' id='word_1_130' title='bbox 1218 1751 1234 1790; x_wconf 93' lang='lat' dir='ltr'><strong>e</strong></span> 
     </span>
     <span class='ocr_line' id='line_1_18' title="bbox 221 1819 1233 1897; baseline -0.001 -18"><span class='ocrx_word' id='word_1_131' title='bbox 221 1820 373 1880; x_wconf 89' lang='lat' dir='ltr'><strong>codicibus</strong></span> <span class='ocrx_word' id='word_1_132' title='bbox 395 1821 465 1880; x_wconf 92' lang='lat' dir='ltr'><strong>libri</strong></span> <span class='ocrx_word' id='word_1_133' title='bbox 482 1821 518 1878; x_wconf 92' lang='lat' dir='ltr'><strong>de</strong></span> <span class='ocrx_word' id='word_1_134' title='bbox 535 1819 686 1879; x_wconf 88' lang='lat' dir='ltr'><strong>mensibus</strong></span> <span class='ocrx_word' id='word_1_135' title='bbox 703 1821 834 1896; x_wconf 90' lang='lat' dir='ltr'><strong>recipere</strong></span> <span class='ocrx_word' id='word_1_136' title='bbox 852 1820 970 1895; x_wconf 78' lang='lat' dir='ltr'><strong>beabat,</strong></span> <span class='ocrx_word' id='word_1_137' title='bbox 992 1820 1137 1880; x_wconf 91' lang='lat' dir='ltr'><strong>nonnulla</strong></span> <span class='ocrx_word' id='word_1_138' title='bbox 1154 1819 1233 1897; x_wconf 82' lang='lat' dir='ltr'><strong>frag-</strong></span> 
     </span>
     <span class='ocr_line' id='line_1_19' title="bbox 222 1907 1234 1985; baseline -0.002 -17"><span class='ocrx_word' id='word_1_139' title='bbox 222 1912 325 1968; x_wconf 90' lang='lat' dir='ltr'><strong>menta</strong></span> <span class='ocrx_word' id='word_1_140' title='bbox 353 1909 448 1968; x_wconf 90' lang='lat' dir='ltr'><strong>libelli</strong></span> <span class='ocrx_word' id='word_1_141' title='bbox 476 1908 559 1968; x_wconf 91' lang='lat' dir='ltr'><strong>illius</strong></span> <span class='ocrx_word' id='word_1_142' title='bbox 589 1909 621 1966; x_wconf 93' lang='lat' dir='ltr'><strong>in</strong></span> <span class='ocrx_word' id='word_1_143' title='bbox 652 1908 719 1968; x_wconf 91' lang='lat' dir='ltr'><strong>aliis</strong></span> <span class='ocrx_word' id='word_1_144' title='bbox 750 1909 887 1985; x_wconf 89' lang='lat' dir='ltr'><strong>operibus</strong></span> <span class='ocrx_word' id='word_1_145' title='bbox 916 1911 1048 1968; x_wconf 86' lang='lat' dir='ltr'><strong>servata:</strong></span> <span class='ocrx_word' id='word_1_146' title='bbox 1079 1927 1156 1984; x_wconf 90' lang='lat' dir='ltr'><strong>quae</strong></span> <span class='ocrx_word' id='word_1_147' title='bbox 1182 1907 1234 1966; x_wconf 89' lang='lat' dir='ltr'><strong>ubi</strong></span> 
     </span>
     <span class='ocr_line' id='line_1_20' title="bbox 222 1996 1234 2074; baseline -0.002 -17"><span class='ocrx_word' id='word_1_148' title='bbox 222 1997 449 2057; x_wconf 89' lang='lat' dir='ltr'><strong>consentiebant</strong></span> <span class='ocrx_word' id='word_1_149' title='bbox 471 2017 538 2056; x_wconf 92' lang='lat' dir='ltr'><strong>eum</strong></span> <span class='ocrx_word' id='word_1_150' title='bbox 559 1997 656 2056; x_wconf 84' lang='lat' dir='ltr'><strong>verbis</strong></span> <span class='ocrx_word' id='word_1_151' title='bbox 676 1996 819 2074; x_wconf 85' lang='lat' dir='ltr'><strong>Lydianis</strong></span> <span class='ocrx_word' id='word_1_152' title='bbox 842 1998 962 2057; x_wconf 88' lang='lat' dir='ltr'><strong>aliunde</strong></span> <span class='ocrx_word' id='word_1_153' title='bbox 982 1996 1071 2072; x_wconf 89' lang='lat' dir='ltr'><strong>notis,</strong></span> <span class='ocrx_word' id='word_1_154' title='bbox 1092 1998 1125 2056; x_wconf 92' lang='lat' dir='ltr'><strong>in</strong></span> <span class='ocrx_word' id='word_1_155' title='bbox 1143 2015 1234 2073; x_wconf 91' lang='lat' dir='ltr'><strong>appa·</strong></span> 
     </span>
     <span class='ocr_line' id='line_1_21' title="bbox 220 2084 1234 2164; baseline -0.003 -19"><span class='ocrx_word' id='word_1_156' title='bbox 220 2089 323 2145; x_wconf 87' lang='lat' dir='ltr'><strong>ratum</strong></span> <span class='ocrx_word' id='word_1_157' title='bbox 346 2089 417 2146; x_wconf 91' lang='lat' dir='ltr'><strong>sunt</strong></span> <span class='ocrx_word' id='word_1_158' title='bbox 440 2086 588 2164; x_wconf 90' lang='lat' dir='ltr'><strong>ablegata,</strong></span> <span class='ocrx_word' id='word_1_159' title='bbox 610 2085 663 2144; x_wconf 92' lang='lat' dir='ltr'><strong>ubi</strong></span> <span class='ocrx_word' id='word_1_160' title='bbox 685 2105 755 2147; x_wconf 87' lang='lat' dir='ltr'><strong>vero</strong></span> <span class='ocrx_word' id='word_1_161' title='bbox 778 2086 849 2146; x_wconf 86' lang='lat' dir='ltr'><strong>novi</strong></span> <span class='ocrx_word' id='word_1_162' title='bbox 872 2085 985 2162; x_wconf 89' lang='lat' dir='ltr'><strong>aliquid</strong></span> <span class='ocrx_word' id='word_1_163' title='bbox 1008 2085 1179 2159; x_wconf 86' lang='lat' dir='ltr'><strong>afferebant,</strong></span> <span class='ocrx_word' id='word_1_164' title='bbox 1201 2084 1234 2142; x_wconf 90' lang='lat' dir='ltr'><strong>in</strong></span> 
     </span>
     <span class='ocr_line' id='line_1_22' title="bbox 222 2173 1234 2251; baseline -0.001 -17"><span class='ocrx_word' id='word_1_165' title='bbox 222 2176 322 2250; x_wconf 88' lang='lat' dir='ltr'><strong>ipsum</strong></span> <span class='ocrx_word' id='word_1_166' title='bbox 351 2174 509 2234; x_wconf 84' lang='lat' dir='ltr'><strong>verborum</strong></span> <span class='ocrx_word' id='word_1_167' title='bbox 536 2177 706 2234; x_wconf 84' lang='lat' dir='ltr'><strong>contextum</strong></span> <span class='ocrx_word' id='word_1_168' title='bbox 732 2177 859 2251; x_wconf 90' lang='lat' dir='ltr'><strong>recepta.</strong></span> <span class='ocrx_word' id='word_1_169' title='bbox 904 2175 991 2234; x_wconf 88' lang='lat' dir='ltr'><strong>huius</strong></span> <span class='ocrx_word' id='word_1_170' title='bbox 1021 2191 1091 2233; x_wconf 85' lang='lat' dir='ltr'><strong>vero</strong></span> <span class='ocrx_word' id='word_1_171' title='bbox 1119 2173 1234 2250; x_wconf 87' lang='lat' dir='ltr'><strong>generis</strong></span> 
     </span>
     <span class='ocr_line' id='line_1_23' title="bbox 224 2262 1234 2340; baseline -0.002 -18"><span class='ocrx_word' id='word_1_172' title='bbox 224 2283 261 2323; x_wconf 90' lang='lat' dir='ltr'><strong>ea</strong></span> <span class='ocrx_word' id='word_1_173' title='bbox 279 2266 357 2339; x_wconf 89' lang='lat' dir='ltr'><strong>sunt,</strong></span> <span class='ocrx_word' id='word_1_174' title='bbox 381 2283 456 2340; x_wconf 91' lang='lat' dir='ltr'><strong>quae</strong></span> <span class='ocrx_word' id='word_1_175' title='bbox 479 2264 627 2339; x_wconf 82' lang='lat' dir='ltr'><strong>exipsius</strong></span> <span class='ocrx_word' id='word_1_176' title='bbox 645 2262 802 2324; x_wconf 87' lang='lat' dir='ltr'><strong>Laurentii</strong></span> <span class='ocrx_word' id='word_1_177' title='bbox 824 2264 909 2339; x_wconf 92' lang='lat' dir='ltr'><strong>libro,</strong></span> <span class='ocrx_word' id='word_1_178' title='bbox 931 2262 981 2322; x_wconf 91' lang='lat' dir='ltr'><strong>eui</strong></span> <span class='ocrx_word' id='word_1_179' title='bbox 999 2262 1035 2321; x_wconf 90' lang='lat' dir='ltr'><strong>de</strong></span> <span class='ocrx_word' id='word_1_180' title='bbox 1052 2262 1234 2340; x_wconf 91' lang='lat' dir='ltr'><strong>magistrati·</strong></span> 
     </span>
     <span class='ocr_line' id='line_1_24' title="bbox 224 2353 1234 2429; baseline -0.002 -17"><span class='ocrx_word' id='word_1_181' title='bbox 224 2353 279 2412; x_wconf 91' lang='lat' dir='ltr'><strong>bus</strong></span> <span class='ocrx_word' id='word_1_182' title='bbox 306 2353 413 2428; x_wconf 90' lang='lat' dir='ltr'><strong>populi</strong></span> <span class='ocrx_word' id='word_1_183' title='bbox 438 2353 566 2412; x_wconf 88' lang='lat' dir='ltr'><strong>Romani</strong></span> <span class='ocrx_word' id='word_1_184' title='bbox 592 2353 776 2429; x_wconf 88' lang='lat' dir='ltr'><strong>inscribitur,</strong></span> <span class='ocrx_word' id='word_1_185' title='bbox 807 2353 937 2429; x_wconf 85' lang='lat' dir='ltr'><strong>excerpsi</strong></span> <span class='ocrx_word' id='word_1_186' title='bbox 961 2373 990 2428; x_wconf 94' lang='lat' dir='ltr'><strong>p.</strong></span> <span class='ocrx_word' id='word_1_187' title='bbox 1012 2355 1066 2427; x_wconf 82' lang='grc'><strong>16,</strong></span> <span class='ocrx_word' id='word_1_188' title='bbox 1087 2353 1234 2426; x_wconf 82' lang='grc'><strong>16-17,</strong></span> 
     </span>
     <span class='ocr_line' id='line_1_25' title="bbox 227 2439 1234 2516; baseline -0.002 -16"><span class='ocrx_word' id='word_1_189' title='bbox 227 2443 266 2500; x_wconf 88' lang='grc'><strong>15</strong></span> <span class='ocrx_word' id='word_1_190' title='bbox 292 2444 322 2500; x_wconf 90' lang='grc'><strong>01</strong></span> <span class='ocrx_word' id='word_1_191' title='bbox 347 2443 419 2516; x_wconf 87' lang='grc'><strong>180,</strong></span> <span class='ocrx_word' id='word_1_192' title='bbox 439 2443 582 2502; x_wconf 87' lang='lat'>10—16:</span> <span class='ocrx_word' id='word_1_193' title='bbox 605 2441 665 2501; x_wconf 92' lang='lat' dir='ltr'><strong>illis</strong></span> <span class='ocrx_word' id='word_1_194' title='bbox 689 2443 767 2500; x_wconf 89' lang='lat' dir='ltr'><strong>enim</strong></span> <span class='ocrx_word' id='word_1_195' title='bbox 790 2442 933 2516; x_wconf 83' lang='lat' dir='ltr'><strong>expressis</strong></span> <span class='ocrx_word' id='word_1_196' title='bbox 956 2440 1053 2500; x_wconf 87' lang='lat' dir='ltr'><strong>verbis</strong></span> <span class='ocrx_word' id='word_1_197' title='bbox 1077 2440 1115 2498; x_wconf 88' lang='lat' dir='ltr'><strong>ad</strong></span> <span class='ocrx_word' id='word_1_198' title='bbox 1137 2457 1183 2499; x_wconf 90' lang='lat' dir='ltr'><strong>res</strong></span> <span class='ocrx_word' id='word_1_199' title='bbox 1202 2439 1234 2497; x_wconf 91' lang='lat' dir='ltr'><strong>in</strong></span> 
     </span>
     <span class='ocr_line' id='line_1_26' title="bbox 222 2529 1232 2606; baseline -0.001 -18"><span class='ocrx_word' id='word_1_200' title='bbox 222 2530 300 2588; x_wconf 89' lang='lat' dir='ltr'><strong>libro</strong></span> <span class='ocrx_word' id='word_1_201' title='bbox 324 2530 360 2588; x_wconf 95' lang='lat' dir='ltr'><strong>de</strong></span> <span class='ocrx_word' id='word_1_202' title='bbox 384 2530 533 2592; x_wconf 84' lang='lat' dir='ltr'><strong>mensibus</strong></span> <span class='ocrx_word' id='word_1_203' title='bbox 557 2532 702 2590; x_wconf 86' lang='lat' dir='ltr'><strong>tractatas</strong></span> <span class='ocrx_word' id='word_1_204' title='bbox 724 2531 892 2606; x_wconf 86' lang='lat' dir='ltr'><strong>relegamur</strong></span> <span class='ocrx_word' id='word_1_205' title='bbox 914 2529 951 2588; x_wconf 88' lang='lat' dir='ltr'><strong>ab</strong></span> <span class='ocrx_word' id='word_1_206' title='bbox 975 2532 1103 2588; x_wconf 88' lang='lat' dir='ltr'><strong>auctore.</strong></span> <span class='ocrx_word' id='word_1_207' title='bbox 1142 2532 1232 2604; x_wconf 88' lang='lat' dir='ltr'><strong>atque</strong></span> 
     </span>
     <span class='ocr_line' id='line_1_27' title="bbox 222 2617 1234 2696; baseline -0.002 -20"><span class='ocrx_word' id='word_1_208' title='bbox 222 2619 324 2694; x_wconf 90' lang='lat' dir='ltr'><strong>priora</strong></span> <span class='ocrx_word' id='word_1_209' title='bbox 340 2619 458 2694; x_wconf 89' lang='lat' dir='ltr'><strong>quidem</strong></span> <span class='ocrx_word' id='word_1_210' title='bbox 476 2619 644 2696; x_wconf 85' lang='lat' dir='ltr'><strong>fragmenta</strong></span> <span class='ocrx_word' id='word_1_211' title='bbox 661 2618 737 2678; x_wconf 89' lang='lat' dir='ltr'><strong>libro</strong></span> <span class='ocrx_word' id='word_1_212' title='bbox 755 2619 851 2694; x_wconf 91' lang='lat' dir='ltr'><strong>primo</strong></span> <span class='ocrx_word' id='word_1_213' title='bbox 867 2618 998 2678; x_wconf 89' lang='lat' dir='ltr'><strong>tribuere</strong></span> <span class='ocrx_word' id='word_1_214' title='bbox 1012 2617 1058 2676; x_wconf 84' lang='lat' dir='ltr'><strong>fas</strong></span> <span class='ocrx_word' id='word_1_215' title='bbox 1073 2619 1145 2691; x_wconf 90' lang='lat' dir='ltr'><strong>erat,</strong></span> <span class='ocrx_word' id='word_1_216' title='bbox 1164 2617 1234 2692; x_wconf 90' lang='lat' dir='ltr'><strong>quia</strong></span> 
     </span>
     <span class='ocr_line' id='line_1_28' title="bbox 224 2706 1235 2783; baseline -0.001 -18"><span class='ocrx_word' id='word_1_217' title='bbox 224 2707 262 2766; x_wconf 94' lang='lat' dir='ltr'><strong>ab</strong></span> <span class='ocrx_word' id='word_1_218' title='bbox 278 2707 413 2767; x_wconf 90' lang='lat' dir='ltr'><strong>omnibus</strong></span> <span class='ocrx_word' id='word_1_219' title='bbox 426 2708 629 2766; x_wconf 89' lang='lat' dir='ltr'><strong>Romanorum</strong></span> <span class='ocrx_word' id='word_1_220' title='bbox 642 2708 782 2766; x_wconf 88' lang='lat' dir='ltr'><strong>instituta</strong></span> <span class='ocrx_word' id='word_1_221' title='bbox 796 2725 950 2783; x_wconf 88' lang='lat' dir='ltr'><strong>moresque</strong></span> <span class='ocrx_word' id='word_1_222' title='bbox 966 2706 1173 2766; x_wconf 88' lang='lat' dir='ltr'><strong>deseribuntur</strong></span> <span class='ocrx_word' id='word_1_223' title='bbox 1187 2723 1235 2764; x_wconf 93' lang='lat' dir='ltr'><strong>eo·</strong></span> 
     </span>
     <span class='ocr_line' id='line_1_29' title="bbox 224 2795 1236 2872; baseline -0.002 -18"><span class='ocrx_word' id='word_1_224' title='bbox 224 2797 293 2854; x_wconf 89' lang='lat' dir='ltr'><strong>dem</strong></span> <span class='ocrx_word' id='word_1_225' title='bbox 314 2795 411 2871; x_wconf 92' lang='lat' dir='ltr'><strong>modo,</strong></span> <span class='ocrx_word' id='word_1_226' title='bbox 435 2815 494 2872; x_wconf 88' lang='lat' dir='ltr'><strong>quo</strong></span> <span class='ocrx_word' id='word_1_227' title='bbox 517 2796 553 2856; x_wconf 89' lang='lat' dir='ltr'><strong>de</strong></span> <span class='ocrx_word' id='word_1_228' title='bbox 576 2797 681 2856; x_wconf 88' lang='lat' dir='ltr'><strong>iisdem</strong></span> <span class='ocrx_word' id='word_1_229' title='bbox 703 2795 789 2854; x_wconf 90' lang='lat' dir='ltr'><strong>rebus</strong></span> <span class='ocrx_word' id='word_1_230' title='bbox 812 2795 953 2854; x_wconf 84' lang='lat' dir='ltr'><strong>fusiorem</strong></span> <span class='ocrx_word' id='word_1_231' title='bbox 974 2795 1065 2854; x_wconf 89' lang='lat' dir='ltr'><strong>fuisse</strong></span> <span class='ocrx_word' id='word_1_232' title='bbox 1084 2797 1236 2853; x_wconf 86' lang='lat' dir='ltr'><strong>auctorem</strong></span> 
     </span>
     <span class='ocr_line' id='line_1_30' title="bbox 226 2883 1234 2960; baseline -0.004 -16"><span class='ocrx_word' id='word_1_233' title='bbox 226 2888 357 2944; x_wconf 82' lang='lat' dir='ltr'><strong>extrema</strong></span> <span class='ocrx_word' id='word_1_234' title='bbox 379 2885 449 2943; x_wconf 90' lang='lat' dir='ltr'><strong>libri</strong></span> <span class='ocrx_word' id='word_1_235' title='bbox 470 2884 551 2944; x_wconf 89' lang='lat' dir='ltr'><strong>illius</strong></span> <span class='ocrx_word' id='word_1_236' title='bbox 574 2886 660 2960; x_wconf 88' lang='lat' dir='ltr'><strong>parte</strong></span> <span class='ocrx_word' id='word_1_237' title='bbox 684 2884 902 2944; x_wconf 90' lang='lat' dir='ltr'><strong>demonstratur</strong></span> <span class='ocrx_word' id='word_1_238' title='bbox 924 2883 1057 2942; x_wconf 91' lang='lat' dir='ltr'><strong>codicum</strong></span> <span class='ocrx_word' id='word_1_239' title='bbox 1075 2883 1134 2941; x_wconf 84' lang='grc' dir='ltr'><strong>ΧΥ</strong></span> <span class='ocrx_word' id='word_1_240' title='bbox 1154 2883 1234 2960; x_wconf 88' lang='lat' dir='ltr'><strong>frag·</strong></span> 
     </span>
     <span class='ocr_line' id='line_1_31' title="bbox 225 2971 1235 3051; baseline -0.003 -19"><span class='ocrx_word' id='word_1_241' title='bbox 225 2975 341 3034; x_wconf 89' lang='lat' dir='ltr'><strong>mentis.</strong></span> <span class='ocrx_word' id='word_1_242' title='bbox 387 2973 492 3032; x_wconf 92' lang='lat' dir='ltr'><strong>ultimo</strong></span> <span class='ocrx_word' id='word_1_243' title='bbox 520 2991 590 3033; x_wconf 78' lang='lat' dir='ltr'><strong>vero</strong></span> <span class='ocrx_word' id='word_1_244' title='bbox 617 2973 798 3051; x_wconf 87' lang='lat' dir='ltr'><strong>fragmento,</strong></span> <span class='ocrx_word' id='word_1_245' title='bbox 828 2973 907 3049; x_wconf 89' lang='lat' dir='ltr'><strong>qnod</strong></span> <span class='ocrx_word' id='word_1_246' title='bbox 933 2973 1020 3049; x_wconf 89' lang='lat' dir='ltr'><strong>posui</strong></span> <span class='ocrx_word' id='word_1_247' title='bbox 1041 2971 1073 3030; x_wconf 90' lang='grc'><strong>11</strong></span> <span class='ocrx_word' id='word_1_248' title='bbox 1096 2971 1235 3030; x_wconf 88' lang='lat' dir='ltr'><strong>editionis</strong></span> 
     </span>
     <span class='ocr_line' id='line_1_32' title="bbox 225 3053 1234 3139; baseline -0.003 -18"><span class='ocrx_word' id='word_1_249' title='bbox 225 3084 254 3139; x_wconf 92' lang='lat' dir='ltr'><strong>p.</strong></span> <span class='ocrx_word' id='word_1_250' title='bbox 276 3064 352 3138; x_wconf 87' lang='lat'><strong>180,</strong></span> <span class='ocrx_word' id='word_1_251' title='bbox 380 3063 496 3122; x_wconf 90' lang='lat' dir='ltr'><strong>nullum</strong></span> <span class='ocrx_word' id='word_1_252' title='bbox 522 3063 600 3122; x_wconf 89' lang='lat' dir='ltr'><strong>inest</strong></span> <span class='ocrx_word' id='word_1_253' title='bbox 627 3062 781 3137; x_wconf 92' lang='lat' dir='ltr'><strong>indicium,</strong></span> <span class='ocrx_word' id='word_1_254' title='bbox 808 3062 841 3120; x_wconf 92' lang='lat' dir='ltr'><strong>in</strong></span> <span class='ocrx_word' id='word_1_255' title='bbox 869 3080 999 3138; x_wconf 90' lang='lat' dir='ltr'><strong>quanam</strong></span> <span class='ocrx_word' id='word_1_256' title='bbox 1025 3060 1122 3136; x_wconf 87' lang='lat' dir='ltr'><strong>operis</strong></span> <span class='ocrx_word' id='word_1_257' title='bbox 1149 3053 1234 3136; x_wconf 79' lang='lat' dir='ltr'><strong>parte</strong></span> 
     </span>
    </p>
   </div>
   <div class='ocr_carea' id='block_1_3' title="bbox 9 3141 1273 3318">
    <p class='ocr_par' dir='ltr' id='par_1_3' title="bbox 9 3141 1273 3318">
     <span class='ocr_line' id='line_1_33' title="bbox 9 3141 1235 3237; baseline -0.008 -21"><span class='ocrx_word' id='word_1_258' title='bbox 9 3211 11 3236; x_wconf 68' lang='grc'><strong>,</strong></span> <span class='ocrx_word' id='word_1_259' title='bbox 89 3153 299 3237; x_wconf 55' lang='lat' dir='ltr'><strong>‘2005202‘olim</strong></span> <span class='ocrx_word' id='word_1_260' title='bbox 317 3151 457 3226; x_wconf 84' lang='lat' dir='ltr'><strong>extiterit,</strong></span> <span class='ocrx_word' id='word_1_261' title='bbox 477 3169 568 3227; x_wconf 88' lang='lat' dir='ltr'><strong>qnare</strong></span> <span class='ocrx_word' id='word_1_262' title='bbox 586 3151 661 3208; x_wconf 94' lang='lat' dir='ltr'><strong>illud</strong></span> <span class='ocrx_word' id='word_1_263' title='bbox 678 3151 808 3209; x_wconf 88' lang='lat' dir='ltr'><strong>incertae</strong></span> <span class='ocrx_word' id='word_1_264' title='bbox 827 3150 904 3210; x_wconf 89' lang='lat' dir='ltr'><strong>sedis</strong></span> <span class='ocrx_word' id='word_1_265' title='bbox 922 3150 1097 3227; x_wconf 87' lang='lat' dir='ltr'><strong>fragmentis</strong></span> <span class='ocrx_word' id='word_1_266' title='bbox 1112 3141 1235 3208; x_wconf 87' lang='lat' dir='ltr'><strong>addidi.1</strong></span> 
     </span>
     <span class='ocr_line' id='line_1_34' title="bbox 9 3237 1273 3318; baseline -0.008 -14"><span class='ocrx_word' id='word_1_267' title='bbox 9 3245 11 3274; x_wconf 69' lang='lat'><em>³</em></span> <span class='ocrx_word' id='word_1_268' title='bbox 115 3261 176 3290; x_wconf 72' lang='lat'><strong>⁸0³</strong></span> <span class='ocrx_word' id='word_1_269' title='bbox 226 3241 302 3298; x_wconf 88' lang='lat' dir='ltr'><strong>tales</strong></span> <span class='ocrx_word' id='word_1_270' title='bbox 317 3241 417 3298; x_wconf 91' lang='lat' dir='ltr'><strong>autem</strong></span> <span class='ocrx_word' id='word_1_271' title='bbox 432 3258 558 3316; x_wconf 91' lang='lat' dir='ltr'><strong>quarum</strong></span> <span class='ocrx_word' id='word_1_272' title='bbox 570 3240 653 3298; x_wconf 92' lang='lat' dir='ltr'><strong>loeus</strong></span> <span class='ocrx_word' id='word_1_273' title='bbox 663 3238 768 3298; x_wconf 85' lang='lat' dir='ltr'><strong>dubius</strong></span> <span class='ocrx_word' id='word_1_274' title='bbox 779 3241 824 3298; x_wconf 90' lang='lat' dir='ltr'><strong>est</strong></span> <span class='ocrx_word' id='word_1_275' title='bbox 832 3239 978 3315; x_wconf 86' lang='lat' dir='ltr'><strong>reliquiae</strong></span> <span class='ocrx_word' id='word_1_276' title='bbox 988 3237 1143 3297; x_wconf 90' lang='lat' dir='ltr'><strong>duodecim</strong></span> <span class='ocrx_word' id='word_1_277' title='bbox 1152 3240 1234 3297; x_wconf 90' lang='lat' dir='ltr'><strong>sunt:</strong></span> <span class='ocrx_word' id='word_1_278' title='bbox 1269 3309 1273 3318; x_wconf 28' lang='grc' dir='ltr'><em>ι</em></span> 
     </span>
    </p>
   </div>
   <div class='ocr_carea' id='block_1_4' title="bbox 226 3326 1236 3497">
    <p class='ocr_par' dir='ltr' id='par_1_4' title="bbox 226 3326 1236 3497">
     <span class='ocr_line' id='line_1_35' title="bbox 226 3326 1235 3404; baseline -0.002 -18"><span class='ocrx_word' id='word_1_279' title='bbox 226 3349 269 3386; x_wconf 89' lang='lat' dir='ltr'><strong>nr.</strong></span> <span class='ocrx_word' id='word_1_280' title='bbox 286 3329 369 3386; x_wconf 89' lang='grc'><strong>1-6</strong></span> <span class='ocrx_word' id='word_1_281' title='bbox 391 3328 558 3388; x_wconf 83' lang='lat' dir='ltr'><strong>ocodiceS</strong></span> <span class='ocrx_word' id='word_1_282' title='bbox 577 3329 681 3404; x_wconf 89' lang='lat' dir='ltr'><strong>petita,</strong></span> <span class='ocrx_word' id='word_1_283' title='bbox 704 3329 739 3386; x_wconf 95' lang='lat' dir='ltr'><strong>de</strong></span> <span class='ocrx_word' id='word_1_284' title='bbox 760 3326 866 3404; x_wconf 86' lang='lat' dir='ltr'><strong>quibus</strong></span> <span class='ocrx_word' id='word_1_285' title='bbox 885 3345 976 3403; x_wconf 88' lang='lat' dir='ltr'><strong>supra</strong></span> <span class='ocrx_word' id='word_1_286' title='bbox 993 3327 1052 3384; x_wconf 82' lang='lat' dir='ltr'><strong>dixi</strong></span> <span class='ocrx_word' id='word_1_287' title='bbox 1071 3347 1100 3402; x_wconf 93' lang='lat' dir='ltr'><strong>p.</strong></span> <span class='ocrx_word' id='word_1_288' title='bbox 1114 3326 1235 3401; x_wconf 88' lang='lat' dir='ltr'><strong>XLVII,</strong></span> 
     </span>
     <span class='ocr_line' id='line_1_36' title="bbox 226 3413 1236 3497; baseline -0.002 -23"><span class='ocrx_word' id='word_1_289' title='bbox 226 3437 269 3474; x_wconf 90' lang='lat' dir='ltr'><strong>nr.</strong></span> <span class='ocrx_word' id='word_1_290' title='bbox 291 3419 308 3475; x_wconf 82' lang='lat'><strong>7</strong></span> <span class='ocrx_word' id='word_1_291' title='bbox 334 3437 349 3476; x_wconf 89' lang='lat' dir='ltr'><strong>e</strong></span> <span class='ocrx_word' id='word_1_292' title='bbox 371 3417 448 3476; x_wconf 91' lang='lat' dir='ltr'><strong>libro</strong></span> <span class='ocrx_word' id='word_1_293' title='bbox 471 3414 537 3497; x_wconf 74' lang='grc' dir='ltr'><strong>περὶ</strong></span> <span class='ocrx_word' id='word_1_294' title='bbox 559 3413 666 3497; x_wconf 80' lang='grc' dir='ltr'><strong>ἀρχῶν,</strong></span> <span class='ocrx_word' id='word_1_295' title='bbox 692 3419 798 3476; x_wconf 80' lang='lat'><strong>9-12</strong></span> <span class='ocrx_word' id='word_1_296' title='bbox 824 3436 839 3474; x_wconf 87' lang='grc'><strong>0</strong></span> <span class='ocrx_word' id='word_1_297' title='bbox 864 3415 1007 3476; x_wconf 81' lang='lat' dir='ltr'><strong>Ocdreno:</strong></span> <span class='ocrx_word' id='word_1_298' title='bbox 1037 3434 1112 3490; x_wconf 88' lang='lat' dir='ltr'><strong>quae</strong></span> <span class='ocrx_word' id='word_1_299' title='bbox 1136 3415 1236 3472; x_wconf 88' lang='lat' dir='ltr'><strong>omnia</strong></span> 
     </span>
    </p>
   </div>
   <div class='ocr_carea' id='block_1_5' title="bbox 302 3603 497 3672">
    <p class='ocr_par' dir='ltr' id='par_1_5' title="bbox 302 3603 497 3672">
     <span class='ocr_line' id='line_1_37' title="bbox 302 3603 497 3672; baseline 0.01 -15"><span class='ocrx_word' id='word_1_300' title='bbox 302 3603 311 3634; x_wconf 88' lang='lat'>¹</span> <span class='ocrx_word' id='word_1_301' title='bbox 330 3603 364 3657; x_wconf 74' lang='lat' dir='ltr'><strong>ef.</strong></span> <span class='ocrx_word' id='word_1_302' title='bbox 383 3621 409 3672; x_wconf 78' lang='lat' dir='ltr'><strong>p.</strong></span> <span class='ocrx_word' id='word_1_303' title='bbox 425 3603 497 3659; x_wconf 80' lang='lat' dir='ltr'><strong>vni.</strong></span> 
     </span>
    </p>
   </div>
   <div class='ocr_carea' id='block_1_6' title="bbox 0 0 1402 4222">
    <p class='ocr_par' dir='ltr' id='par_1_6' title="bbox 0 0 1402 4222">
     <span class='ocr_line' id='line_1_38' title="bbox 0 0 1402 4222; baseline 0 0"><span class='ocrx_word' id='word_1_304' title='bbox 0 0 1402 4222; x_wconf 95' lang='lat' dir='ltr'><strong> </strong></span> 
     </span>
    </p>
   </div>
  </div>
 </body>
</html>
