2760 4234
230 289 293 353 160
460 287 568 342 LIBER
585 286 762 353 QUARTUS.
790 287 1006 342 SEPTEMBER

185 463 211 517 X
295 452 366 516 126.
390 455 436 536 Τῇ
449 452 515 535 πρὸ
530 451 614 516 ὀκτὼ
629 452 743 516 Εῐδῶν
757 454 994 537 Σεπτεμβρίου
1003 448 1152 528 Εὔδοξος
1165 459 1288 514 RrIV82

226 559 286 622 τὸν
316 558 419 623 ἵππον
451 559 593 623 δύεσθαι
625 555 681 624 καὶ
713 555 857 644 ζέφυρον
890 556 911 641 ἢ
946 555 1109 644 ἀργέστην
1139 567 1237 622 πνεῖν

227 673 426 748 σημειοῦται.

295 770 367 834 127.
385 768 500 854 ’Ίσμεν
525 779 564 856 τῇ
592 770 722 856 κράμβη
745 768 956 854 ἐμφυόμενον
984 771 1135 852 σκώληκα
1156 771 1237 864 κάμ-
1255 785 1288 833 88

198 897 292 960 επην
319 876 570 960 ὀνομαζόμενον.
617 871 725 960 οὗτος,
758 873 1061 962 άποξηραινομένης
1089 883 1136 964 τῷ
1164 879 1236 962 ἔαρι

226 991 284 1066 της
310 984 472 1069 κράμβης,
505 984 552 1059 είς
580 983 731 1066 σκώληκα
759 983 927 1068 πτερωτὸν
956 983 1047 1048 ώσδιν
1073 982 1236 1068 μύρμηκα,

226 1087 282 1155 καὶ
313 1090 444 1174 μείζονά
475 1111 559 1173 πως,
595 1086 723 1174 πέφυκε
754 1090 1032 1174 μεταβάλλεσθαι,
1063 1089 1237 1175 πτερύγων

227 1200 354 1260 λευκῶν
380 1197 555 1282 τριγώνων
581 1194 772 1279 άνεχουσῶν
799 1195 916 1280 αὐτόν,
946 1193 1000 1260 καί
1028 1197 1236 1281 περιΐπταται

226 1311 296 1378 τοῖς
318 1304 435 1386 κήποις
457 1304 642 1390 χαμαιζηλμ
665 1299 720 1366 καὶ
744 1301 897 1390 εὐαλώτῳ
918 1310 957 1386 τη
975 1303 1104 1384 πτήσει·
1127 1302 1237 1385 ψυχὴν

184 1436 213 1477 10
227 1406 267 1472 δέ
286 1429 353 1473 που
375 1409 435 1474 τὸν
456 1418 611 1474 τοιοῦτον
634 1409 786 1492 σκώληκα
806 1413 982 1474 καλεῖσθαι
1005 1410 1188 1492 συμβαίνει.

294 1515 366 1579 128.
390 1516 465 1600 Πρὸ
489 1513 568 1579 δέκα
591 1514 675 1579 ὀκτὼ
698 1515 881 1580 Καλενδών
898 1512 1106 1599 Ὀκτωβρίων
1128 1511 1146 1578 ὁ
1169 1518 1237 1579 Δο-
1255 1531 1289 1579 83

226 1623 341 1697 σίθεος
367 1622 428 1686 τὸν
454 1620 641 1706 ἀρκτοῦρον
670 1618 820 1704 ἀνίσχειν
852 1629 1052 1704 σημειοῦται.
1101 1629 1140 1705 τῇ
1172 1621 1236 1706 πρὸ

226 1727 368 1792 δεκαδύο
383 1728 566 1792 Καλενδῶν
578 1724 786 1811 Ὀκτωβρίων
804 1726 822 1792 ό
840 1729 971 1809 Καῖσαρ
989 1727 1048 1801 τδις
1065 1727 1238 1809 χελιδόνας

226 1832 379 1916 ἐκδημεῖν
402 1831 498 1916 λέγει.

185 1967 213 2008 ιε
296 1939 358 2004 129
360 1986 477 2004 .....
496 1938 712 2020 Νικομήδους
733 1947 795 2002 τοῦ
818 1940 985 2013 Βιθυνίας
1006 1938 1183 2024 τυράννου.
1256 1956 1290 2005 83

186 2057 213 2111 Y
295 2045 367 2110 130.
377 2042 447 2109 Ὅτι
461 2045 705 2120 πλεονάσαντος
718 2040 779 2128 μὲν
792 2045 898 2131 πυρὸς
911 2045 1052 2130 πυρετὸς
1064 2048 1202 2129 γίνεται,
1211 2055 1290 2112 11143

227 2150 430 2238 άφημερινὸς
453 2147 492 2216 δέ
513 2149 624 2238 ἀέρος,
651 2162 797 2236 τριταῖος
823 2147 860 2216 δὲ
886 2150 1023 2235 ὕδατος,
1049 2164 1238 2239 τεταρταῖος

228 2255 265 2323 δέ
279 2268 346 2342 γῆς.
383 2264 474 2343 φιλεῖ
488 2254 526 2323 δέ
543 2258 671 2324 τούτων
688 2259 930 2344 προκατάρχειν
944 2258 983 2323 τὸ
1002 2258 1103 2344 ῥῖγος.
1141 2259 1237 2326 ὁπότ-

228 2390 270 2430 αν
297 2367 360 2452 γδρ
389 2366 454 2430 ὑπὸ
481 2374 542 2431 τοῦ
569 2374 766 2451 ψυχροῦ-
791 2364 903 2448 ἐπειδὴ
927 2374 1025 2431 τούτο
1049 2367 1138 2432 ίδιον
1158 2365 1238 2430 ύδα-

186 2475 283 2548 εοτός
306 2496 340 2537 τε
363 2471 418 2537 καὶ
440 2481 500 2556 γῆς
523 2509 563 2518 -
588 2473 629 2537 τδι
657 2470 812 2557 εἰρημένα
838 2472 926 2556 ύγρδι
950 2479 1121 2558 παχυνθῇ,
1147 2494 1237 2554 τηνι-

227 2587 331 2643 καῦτα
354 2581 520 2664 φερόμενα
543 2580 599 2644 διά
621 2590 689 2644 τῶν
711 2578 929 2663 ἀραιωμάτων
953 2577 1090 2657 ἐξωθεῖν
1112 2574 1173 2662 μέν
1196 2576 1236 2642 ού

228 2685 367 2749 δύναται
403 2687 444 2749 τά
477 2687 676 2770 πυκνότερα,
714 2685 896 2769 ἐμπεσόντα
933 2681 985 2767 δέ,
1006 2694 1078 2760 ταῖς
1109 2685 1238 2749 τούτων

227 2787 339 2876 ἕδραις
363 2790 509 2856 σύνωσιν
536 2789 591 2857 καὶ
613 2795 735 2869 θλίψιν
758 2789 939 2876 ἐργάζεται,
967 2788 1080 2875 μέχρις
1107 2789 1149 2856 δν
1171 2791 1236 2884 ὑπὸ

227 2905 289 2963 τοῦ
311 2897 417 2983 πυρὸς
439 2895 633 2984 ἐπειγόμενα
655 2896 823 2983 τμηθέντα
847 2898 1006 2984 διαχυθη,
1035 2897 1114 2983 ὅπερ
1138 2895 1239 2980 άναγ-

300 3162 324 3197 v.
341 3149 355 3198 1
374 3142 506 3197 Eudoxus
524 3142 710 3198 Wachsmuth
729 3142 763 3197 de
782 3146 834 3199 ost.
853 3163 879 3214 p.
895 3149 946 3198 297
964 3131 1005 3199 ni.
1022 3149 1054 3198 19
1133 3149 1164 3198 11
1184 3143 1239 3196 Do-

229 3214 336 3270 sithen·
355 3213 424 3268 ibid.
442 3233 483 3269 nr.
499 3219 533 3268 20
606 3220 638 3270 18
658 3214 761 3270 Caesar
777 3213 846 3270 ibid.
865 3233 906 3271 nr.
922 3220 954 3268 21

301 3464 326 3499 v.
341 3452 357 3499 2
377 3445 489 3511 εύδοξος
506 3448 571 3516 μυεῖ
588 3445 708 3500 δύεσθαι
726 3446 754 3499 Β
832 3451 848 3498 5
867 3444 969 3514 τοσάρι
987 3434 1035 3499 A'
1094 3450 1109 3498 6
1129 3445 1193 3499 ώοεῖ
1212 3445 1239 3498 Β

231 3522 247 3570 8
265 3515 436 3584 κεριάτιαται
454 3517 481 3571 A
553 3523 569 3571 9
587 3514 686 3580 κόποις
701 3517 728 3571 A
745 3517 748 3588 λ
764 3525 797 3588 τῇ
816 3515 893 3570 omis.
909 3518 937 3571 B
1009 3521 1042 3570 11
1061 3513 1190 3578 δεσίθεος
1203 3517 1239 3584 Α,

230 3586 367 3651 δωσίθεος
384 3590 411 3642 A
431 3633 438 3657 ‚
457 3586 588 3652 δοσίθεος
605 3589 633 3642 Β
706 3594 739 3642 16
758 3586 801 3642 ότι
819 3585 1025 3650 πλεονάσαντος
1037 3619 1074 3628 -
1085 3605 1113 3668 μ.
1130 3593 1189 3656 161,
1206 3593 1239 3640 15

230 3655 338 3728 ἐγένετο
362 3660 395 3727 Υ,
412 3628 457 3714 δτι
475 3658 728 3723 πλεονάσαντος-
744 3665 834 3728 161‚2
853 3659 1018 3728 ὀνομάζεται
1036 3675 1114 3714 ome.
1134 3659 1164 3712 D
