2788 4222
259 266 385 322 LXXXII
661 264 868 320 PRAEFATIO

261 435 323 494 lem
346 432 481 509 Geryone
505 436 643 509 superato
666 433 698 491 in
720 432 842 492 Italiam
864 433 979 493 venisse
1003 425 1132 506 dicuntl,
1158 451 1219 508 qua
1241 451 1275 490 re

264 523 427 598 explicatur
444 522 652 598 interpretatio
670 521 762 581 trium
778 521 922 598 Geryonis
941 541 1096 598 corporum
1114 520 1275 580 secundum

262 612 408 670 rationem
430 610 511 670 facta
534 604 651 692 (510).
698 611 834 686 s'equenti
861 609 965 669 deinde
989 602 1198 688 paragrapho²
1220 608 1270 667 ab·

262 701 418 761 solvuntur
440 699 574 758 Euandri
600 700 677 758 fata:
705 702 951 758 commemoratur
979 699 1058 758 euim
1085 698 1179 758 hostis
1209 698 1275 756 eius

261 789 380 865 Erylus,
404 807 493 864 quem
514 788 610 847 tn'bns
630 787 736 846 animis
754 787 922 864 praeditum
940 787 1032 847 fuisse
1051 790 1189 862 narrant;
1213 806 1274 862 qua

262 877 413 936 occasione
437 876 508 937 data
530 876 624 936 fusius
647 876 683 935 de
705 876 800 936 tribus
820 877 936 935 animae
954 876 1091 952 partibus
1110 894 1128 934 1
1146 875 1272 935 Platone

262 965 477 1041 Chaldaeisque
504 966 625 1024 statutis
652 964 771 1024 disserit
797 964 908 1040 Lydus.
953 968 1019 1024 tum
1048 964 1068 1041 ξ
1093 967 1132 1023 12
1161 963 1193 1023 in
1221 964 1274 1022 ad·

262 1073 405 1114 venarum
418 1054 665 1129 inventorumque
682 1054 818 1131 pergitur
834 1053 944 1128 iudice,
965 1053 1158 1113 nominantur
1171 1053 1274 1112 Ulixes

261 1143 419 1202 Diomedes
442 1142 524 1202 Auso
547 1144 702 1218 materque
725 1143 788 1201 eius
812 1141 903 1218 (lirae,
936 1161 1012 1218 quae
1035 1143 1146 1201 circum
1168 1141 1200 1200 in
1222 1141 1274 1200 ho·

262 1251 363 1291 norem
386 1230 464 1290 Solis
490 1231 584 1309 patris
611 1231 770 1306 invenerit,
799 1230 904 1307 quibus
936 1231 1056 1289 additur
1081 1230 1179 1290 brevis
1206 1249 1274 1289 con-

263 1322 379 1397 spectus
409 1320 620 1395 mutationum,
653 1339 727 1396 quas
756 1319 819 1378 ludi
848 1320 990 1379 circenses
1023 1339 1076 1395 per
1105 1321 1275 1395 temporum

263 1411 419 1468 decursum
447 1409 528 1485 passi
560 1409 627 1468 sint.
673 1407 777 1468 Circen
809 1411 910 1468 autem
942 1408 1121 1484 sequebatur
1147 1408 1273 1483 Aeneas,

263 1519 317 1575 per
345 1518 432 1574 quem
461 1497 606 1573 quomodo
635 1497 673 1556 ad
696 1497 855 1557 Romulum
883 1500 913 1555 et
939 1497 1069 1556 Numam
1092 1496 1273 1572 Pompilium

264 1590 439 1663 perventum
461 1587 510 1660 sit,
531 1587 593 1644 iam
616 1605 706 1662 supra
730 1586 842 1645 dictum
865 1588 917 1644 est.

331 1673 442 1744 Quibus
458 1675 598 1750 expositis
611 1674 694 1733 filum
708 1694 761 1734 nos
779 1675 942 1751 repperisse
956 1678 1040 1751 puto,
1060 1673 1139 1750 quod
1158 1676 1275 1732 secutus

265 1763 337 1822 olim
355 1762 481 1821 Ioannes
500 1761 602 1837 Lydus
624 1763 733 1821 librum
756 1763 791 1820 de
814 1762 962 1822 mensibus
981 1763 1110 1839 primum
1129 1762 1274 1837 conscrip-

265 1851 317 1923 sit3
347 1850 441 1908 exiis
465 1852 573 1926 autem,
602 1870 679 1926 quae
702 1851 737 1908 de
761 1871 795 1910 11
819 1853 904 1910 erant
926 1852 1106 1927 disserenda,
1134 1851 1221 1909 facile
1244 1852 1274 1908 te

267 1939 496 1998 aestimatorum
519 1957 581 1998 esse
604 1957 703 2015 spero,
732 1957 880 2014 quaenam
901 1940 994 1999 totius
1022 1940 1092 1999 libri
1113 1943 1212 2016 partes
1236 1939 1274 1997 ad

266 2028 346 2086 hunc
376 2027 454 2085 diem
485 2027 703 2103 interciderint,
730 2046 806 2103 quae
834 2028 934 2087 salvae
961 2029 1028 2088 sint.
1075 2048 1199 2104 cumque
1226 2029 1274 2088 hio

267 2116 343 2175 liber
364 2115 529 2193 longiorem
552 2115 609 2175 sibi
635 2117 803 2192 poposcerit
826 2118 1126 2193 argumentationem,
1153 2118 1185 2175 in
1206 2117 1274 2175 reli-

267 2205 332 2282 quis
356 2205 473 2264 brevior
501 2223 563 2264 esse
590 2222 719 2280 possum.
764 2205 828 2283 agit
855 2206 945 2281 enim,
972 2209 1009 2265 ut
1034 2205 1118 2266 nobis
1145 2205 1276 2264 traditur

266 2295 331 2371 ipso
346 2293 444 2366 titulo,
461 2292 536 2352 liber
550 2294 627 2353 alter
640 2291 706 2373 περὶ
719 2288 840 2374 ἡμέρας,
859 2295 942 2353 cuius
957 2295 1110 2371 prooemii,
1129 2293 1274 2370 siquidem

267 2402 357 2460 supra
379 2403 408 2458 p.
427 2382 584 2440 XXXVIII
605 2384 683 2441 recte
707 2382 868 2459 disputavi,
893 2383 999 2458 verbis,
1027 2388 1127 2443 aetum
1149 2383 1187 2441 iri
1209 2379 1273 2461 περὶ

267 2470 358 2551 ἀρχῆς
380 2467 506 2550 ἡμερῶν,
530 2491 566 2530 11
587 2471 736 2530 indicatur
757 2472 893 2547 materia,
916 2472 955 2530 ad
978 2491 1067 2547 quam
1085 2471 1274 2548 subsequenti

266 2561 370 2619 statim
391 2560 580 2637 paragrapho
604 2551 662 2641 (11,
681 2552 716 2641 2)
740 2561 853 2619 accedit
875 2561 986 2636 auctor,
1009 2561 1053 2620 ita
1075 2564 1111 2620 ut
1131 2560 1188 2620 hoe
1209 2561 1273 2620 loco

265 2648 341 2705 nihil
364 2648 425 2707 fere
443 2648 627 2708 intercidisse
645 2667 699 2725 pro
718 2651 798 2708 certo
817 2648 925 2708 habere
942 2649 1098 2724 possimus.
1135 2649 1274 2725 exposItis

267 2738 368 2794 autem
390 2736 436 2810 iis,
460 2756 535 2812 quae
558 2738 594 2795 de
616 2737 729 2796 dierum
747 2737 834 2797 initio
854 2740 938 2796 eraut
956 2737 1137 2814 exponenda,
1160 2738 1199 2796 ad
1216 2737 1274 2796 sin·

267 2824 404 2902 gulorum
426 2824 542 2883 dierum
569 2825 767 2902 significatum
796 2825 905 2885 transit
928 2825 1118 2901 Laurentius,
1148 2845 1275 2902 quorum

268 2916 404 2988 septenos
441 2913 565 2990 singulis
601 2915 789 2990 planetarum
825 2914 880 2974 diis
917 2915 1126 2975 dedicauenmt
1162 2918 1275 2974 veteres

270 3001 412 3060 Chaldaei
439 3003 529 3078 atque
552 3002 696 3080 Aegyptii
718 2996 776 3085 (H,
796 2994 839 3083 4).
886 3023 901 3062 e
943 3003 987 3062 ita
1015 3004 1134 3080 quidem
1161 3003 1275 3062 factum

269 3092 322 3167 est,
341 3094 375 3149 ut
393 3091 581 3168 paragrapho
602 3093 620 3151 3
640 3095 757 3152 servata
776 3093 844 3168 sint,
863 3111 940 3168 quae
954 3092 1132 3152 Laurentius
1152 3091 1276 3151 senserit

269 3181 304 3238 de
327 3179 480 3256 rhythmo,
508 3199 598 3255 quem
624 3182 741 3241 secutae
769 3182 957 3257 planetarum
980 3182 1122 3258 sphaerae
1144 3179 1275 3241 universi

266 3269 372 3327 mundi
402 3268 533 3327 efficiant
558 3269 751 3330 harmoniam.
803 3270 965 3329 errantium
994 3271 1148 3330 stellarum
1175 3272 1275 3328 autem

341 3489 391 3543 ι1.
411 3508 437 3560 g.
458 3489 542 3561 Origo
561 3491 653 3562 gentis
672 3453 816 3546 Romanae
835 3492 893 3562 VII,
914 3499 938 3548 1.

340 3558 350 3590 ²
369 3559 488 3615 alterum
507 3578 617 3632 quoque
637 3563 837 3617 sententiarum
860 3580 962 3618 nexum
980 3562 1054 3618 inter
1072 3569 1103 3629 ξς
1124 3569 1213 3618 10.11
1233 3562 1275 3616 in·

266 3629 455 3684 tercedentem
474 3649 558 3701 supra
575 3633 723 3688 statuimus
742 3652 769 3703 p.
783 3634 851 3689 LVI.
