2788 4222
246 280 308 336 LIV
648 279 853 336 PRAEFATIO

315 447 499 526 Subiungens
524 451 624 506 autem
646 449 692 506 his
720 449 852 524 quinque
876 448 1037 524 codicibus,
1064 448 1116 524 qui
1138 449 1258 525 integra

246 540 439 596 servaverunt
457 537 580 596 Maximi
603 540 749 612 excerpta,
772 540 832 596 tres
852 538 927 597 alios
945 538 1044 613 liceat,
1068 538 1120 613 qui
1140 536 1257 596 delectu

244 625 324 683 inter
350 626 470 702 singula
496 627 663 703 fragmenta
691 645 709 685 a
736 626 869 685 Planude
898 627 1045 702 exscripta
1070 625 1174 684 habito
1201 626 1257 686 hoc

244 713 417 861 ssglmhiwl
444 714 519 773 illud
545 715 576 772 in
604 734 691 774 usum
719 734 805 774 suum
834 718 1052 775 converterunt.
1102 717 1173 774 sunt
1199 734 1253 773 au-

276 823 306 860 m
368 825 375 861 :

161 948 208 988 cod.
223 950 242 988 u
314 936 339 994 L
362 935 625 995 Laurentianus
648 937 735 1012 plut.
754 936 878 994 LXXIV
893 939 933 995 13
958 937 1131 995 chartaceus
1152 955 1174 994 s
1188 936 1255 1011 XV,

364 1025 415 1100 qui
437 1026 458 1083 f.
478 1026 558 1084 306*
579 1029 741 1084 tractatum
764 1025 913 1100 quendum
937 1023 1003 1105 περὶ
1025 1025 1180 1084 καλανδῶν
1203 1046 1253 1083 νο-

362 1121 424 1173 νῶν
446 1111 496 1174 καὶ
518 1112 605 1173 εἰδῶν
628 1115 754 1187 exhibet,
778 1134 866 1189 quem
889 1114 927 1172 ad
949 1114 1073 1174 verbum
1095 1114 1254 1172 transtulit

363 1222 378 1261 e
406 1202 559 1261 Planudea
585 1203 766 1262 recensione:
799 1202 937 1261 editionis
970 1205 1071 1261 autem
1098 1202 1195 1261 verbis
1224 1221 1254 1261 se

363 1292 496 1367 applicat
526 1310 602 1367 quae
632 1293 773 1370 leguntur
803 1289 847 1351 ὅτι
877 1287 893 1351 ὁ
924 1299 1039 1368 νοομᾶς
1072 1283 1114 1371 (p.
1134 1293 1189 1366 43,
1212 1293 1251 1349 17

362 1373 445 1460 app.)
462 1413 503 1421 —
518 1381 549 1440 οἱ
568 1377 665 1441 λοιποὶ
692 1379 798 1454 πάντες
826 1373 869 1461 (p.
888 1382 945 1454 49,
965 1373 1035 1461 20),
1064 1379 1178 1439 omissis
1201 1378 1253 1439 τὸν

363 1465 394 1527 δὲ
419 1469 624 1549 Φεβρουάριον
639 1501 681 1512 -·
695 1469 816 1548 Μοίρας
840 1462 881 1550 (p.
902 1470 954 1546 48,
973 1461 1107 1550 6-18).

154 1571 241 1611 eod-M
308 1557 340 1616 M
362 1558 565 1617 Marcianus
596 1577 744 1636 graecus
774 1560 838 1616 320
866 1557 1037 1616 chartaceus
1066 1576 1088 1616 s
1109 1555 1180 1614 XIV
1207 1557 1253 1614 in·

362 1647 530 1722 scriptionis
557 1649 621 1706 loco
644 1648 718 1706 haec
744 1646 848 1705 habet:
876 1643 1057 1727 ἀριθμητικὴ
1080 1645 1250 1725 νικομάχοο.

360 1742 455 1811 κτῆμα
477 1735 681 1814 βησσαρίωνος
706 1733 912 1813 cccccccccc
934 1731 1096 1794 ἐπισκόπου
1119 1735 1250 1813 σαβίνοον

360 1831 413 1882 τοῦ
441 1820 584 1895 vinctior.
629 1822 719 1894 τόπος
745 1817 800 1901 πβ’
828 1816 915 1904 (corr.
943 1824 974 1880 in
1002 1815 1066 1904 ξζ).
1115 1823 1253 1899 Lydiana

361 1911 529 1988 fragmenta
552 1912 632 1971 foliis
657 1913 812 1972 94f-97‘
837 1912 911 1970 haec
933 1912 1037 1970 habet:
1066 1910 1110 1971 ὅτι
1138 1921 1252 1989 νοομᾶς

361 2030 403 2039 -·
418 1998 516 2059 λοιποὶ
538 1999 643 2072 πάντες
667 1992 709 2082 (p.
729 2002 836 2075 43,17
853 2019 920 2076 app.
936 2032 977 2040 -
993 2003 1045 2076 49,
1062 2003 1111 2076 20,
1136 2001 1252 2060 omissis

360 2087 433 2146 item
451 2108 479 2164 p.
494 2082 692 2170 css-18),
711 2086 755 2148 ὅτι
773 2088 804 2148 οἱ
819 2087 885 2169 περὶ
899 2088 1084 2168 §cccccccccc
1099 2081 1141 2170 (p.
1154 2081 1251 2170 21,1)

360 2209 402 2218 -
417 2173 528 2258 ἄρρητα
550 2177 624 2259 ῥητά
647 2170 689 2258 (p.
710 2180 761 2252 36,
777 2170 823 2259 5):
845 2179 919 2236 haec
942 2180 1043 2237 autem
1062 2178 1251 2237 arithmetica

359 2265 413 2324 illa
436 2271 506 2325 sunt
523 2266 593 2325 libri
611 2268 743 2340 alterius
767 2286 842 2342 quae
862 2267 973 2342 optimc
993 2286 1059 2325 cum
1076 2267 1250 2326 Nicomachi

361 2356 540 2414 conveniunt
563 2357 713 2415 doctrinis.

156 2457 240 2498 nouis
309 2445 338 2502 N
360 2444 558 2504 Vaticanus
585 2445 776 2504 Palatinus
805 2463 953 2522 graecus
984 2447 1046 2504 209
1078 2444 1252 2502 chartaceus

362 2551 384 2592 s.
402 2534 473 2593 XIV
496 2535 651 2610 exscripsit
674 2536 694 2592 f.
715 2535 917 2592 2637-265τ
940 2553 975 2592 ex
993 2533 1078 2608 Lydo
1098 2533 1184 2591 haec:
1208 2530 1252 2591 ὅτι

360 2631 474 2699 νουμᾶς
493 2655 534 2664 -*
553 2621 652 2682 λοιποὶ
680 2622 786 2694 πάντες
817 2615 868 2704 (cf.
891 2614 977 2702 ΒΜ),
1008 2620 1052 2682 ὅτι
1082 2619 1252 2701 ἰανοοάριος

362 2701 405 2790 (c-
421 2712 472 2784 63,
483 2714 501 2770 3
513 2703 596 2792 acc)
612 2743 654 2751 -
668 2708 839 2790 serapam,
857 2707 964 2787 ὁμοίως
984 2701 1025 2790 (n
1043 2710 1116 2785 158,
1131 2713 1149 2768 6
1162 2701 1255 2789 arn),

362 2800 524 2857 tractatum
546 2798 753 2858 brevissimum
776 2799 812 2857 de
834 2799 1019 2876 singulorum
1037 2799 1183 2858 mensium
1201 2818 1255 2857 no-

360 2887 499 2962 minibus,
522 2887 558 2945 de
583 2907 641 2962 quo
665 2889 768 2946 statim
791 2888 848 2946 erit
871 2887 1039 2963 dicendum,
1064 2886 1108 2948 dcc
1130 2886 1254 2947 πλεονά-

362 2990 466 3047 σαντος
493 2967 536 3056 (p.
558 2978 635 3051 160,
656 2969 711 3058 16)
726 3010 767 3017 -
784 2972 953 3053 ὀνομάζεται
976 2969 1019 3058 (p.
1041 2978 1113 3051 161,
1134 2968 1181 3056 2),
1210 2974 1254 3035 ὅτι

360 3062 411 3124 τὸν
443 3068 572 3124 πλοῦτον
601 3056 643 3146 (p.
666 3068 778 3141 73,11
805 3057 888 3146 app.)
908 3097 949 3106 -
969 3061 1167 3142 ἐζημιωμένον
1198 3061 1253 3141 τὴν

360 3150 463 3231 ψυχήν
487 3146 529 3234 (p.
550 3157 601 3229 73,
622 3147 687 3235 15).
732 3154 809 3212 hunc
841 3154 970 3213 codicem
997 3154 1070 3212 Maii
1103 3148 1251 3212 ‘tertium’

360 3242 451 3300 fuisse
475 3243 641 3318 suspicatus
660 3245 725 3300 erat
743 3243 778 3300 Κ.
798 3242 833 3301 K.
852 3243 978 3301 Mueller
1000 3244 1020 3301 l.
1040 3262 1061 3301 s,
1083 3262 1112 3317 p.
1135 3244 1206 3302 150.

307 3375 373 3434 lam
395 3394 465 3436 vero
489 3393 666 3451 quaeramus
685 3394 801 3434 necesse
825 3377 879 3450 est,
902 3375 1024 3451 quinam
1047 3393 1138 3434 nexus
1162 3376 1254 3433 inter-

242 3463 328 3522 cedat
350 3465 429 3522 inter
450 3464 573 3524 Maximi
601 3464 731 3528 codicem
754 3455 809 3545 (Y)
834 3465 954 3539 eiusque
979 3464 1165 3541 apographa,
1194 3482 1253 3538 qua

241 3552 273 3608 in
300 3571 331 3610 re
361 3554 540 3612 monendum
567 3556 625 3628 est,
658 3553 809 3612 difficilem
841 3573 908 3611 eam
940 3571 1059 3611 causam
1089 3552 1254 3611 diiudicatu

242 3658 314 3714 esse,
338 3642 478 3715 quoniam
496 3642 535 3718 id,
560 3662 617 3717 quo
636 3643 668 3700 in
689 3643 832 3701 eiusmodi
851 3641 1106 3716 disquisitionibus
1125 3641 1253 3699 maxime
