2760 4234
214 273 276 336 122
481 271 588 325 LIBER
607 271 782 336 QUARTUS.
810 271 950 325 APRILIS

171 436 327 518 Χπαλδα,
354 437 468 520 τρίτου
486 433 647 518 Ἕλληνος
669 443 729 498 τοῦ
753 434 837 511 Διὸς
859 432 914 498 καὶ
941 436 1074 519 νύμφης
1091 432 1221 519 Ἀγχιά-

212 548 280 625 λης,
303 539 460 626 τέταρτον
478 542 562 617 Διὸς
580 539 635 605 καὶ
656 543 767 624 Θηβης
784 549 842 623 της
860 542 1055 625 Αἰγυπτίας,
1073 540 1222 624 πέμπτον

210 649 271 712 τὸν
301 647 452 729 Λιβάνου
481 645 536 711 καὶ
566 647 704 730 Νύσσης
733 647 792 712 τὸν
822 646 858 711 ἐν
881 646 1001 724 Ἰνδοῖς
1029 650 1221 733 γενόμενον,

211 751 307 817 ἕκτον
334 753 419 828 Διδς
445 752 500 818 καὶ
523 751 720 837 Ἀλκμήνης,
748 751 892 838 ἕβδομον
919 755 1003 830 Διὸς
1029 752 1084 818 καί
1106 757 1221 830 Μαίας

183 885 196 926 ε
210 869 266 942 της
279 857 466 936 Ἀτλαντος.

178 977 196 1030 S
279 966 329 1030 68.
347 964 417 1031 Ὅτι
436 966 455 1031 δ
473 965 630 1050 Ἀπελλῆς
653 954 791 1052 γράφων
809 969 867 1043 τάς
885 968 1029 1054 Χάριτας
1051 976 1139 1051 τρεῖς
1154 976 1276 1033 άοεειῖιτ

168 1109 170 1114 -
211 1073 323 1155 οὔσας,
343 1070 500 1155 Ἀγλαΐαν
523 1071 751 1158 Εὐφροσύνην
771 1073 925 1155 Θάλειαν,
948 1076 1028 1157 μίαν
1050 1068 1111 1157 μὲν
1133 1081 1222 1137 ποιεί

211 1178 387 1262 ἀπιοῦσαν,
411 1178 473 1243 δύο
496 1173 533 1242 δὲ
547 1175 736 1263 ἐρχομίυας·
759 1187 836 1261 μιᾶς
853 1179 917 1263 γάρ
935 1175 1113 1262 διδομένης
1130 1179 1222 1264 χάρι-

212 1310 268 1362 τος
289 1289 425 1360 πλείους
447 1282 599 1371 ἐπανίασι
622 1294 691 1360 τοῖς
714 1285 906 1350 δεδωκόσιν.
981 1331 983 1337 2

174 1419 199 1458 ιο
280 1391 332 1456 69.
346 1389 418 1456 ’Ότι
428 1399 496 1476 πῦρ
569 1388 786 1476 ῥησσομίυοιν
795 1391 993 1474 πνευμάτων
1006 1401 1075 1468 τοῖς
1089 1390 1141 1456 νέ-
1155 1402 1276 1458 deesth

212 1514 311 1582 φεσιν
333 1497 575 1581 ἀποδλίβουται
598 1499 630 1562 οἱ
652 1501 817 1582 κεραυνοί.

172 1617 197 1670 Χ
279 1605 297 1666 7
301 1607 331 1669 Ο.
349 1604 395 1668 Ἡ
410 1600 447 1669 δδ
460 1607 611 1687 Μίλητος
629 1604 665 1668 τὸ
684 1602 766 1690 πρίν
784 1603 929 1670 ἐκαλεῖτο
944 1604 1146 1690 Ἀνακτορία.
1157 1615 1274 1670 RrIV47
1335 1675 1337 1682 ,
1359 1617 1369 1634 ·

281 1711 331 1774 71.
364 1709 565 1795 Ἀμάλθειαν
601 1707 638 1775 δὲ
672 1712 799 1796 τροφὸν
830 1712 931 1794 Διός,
967 1713 1028 1794 τὴν
1065 1713 1131 1795 ἅμα
1167 1709 1221 1776 καὶ
1240 1727 1275 1776 48

213 1816 347 1901 ἀθρόως
369 1815 423 1881 καλ
448 1814 497 1881 ἑνὶ
521 1819 629 1905 χρόνςο
653 1819 693 1881 τά
716 1819 796 1882 ὔντα
819 1824 864 1903 τῷ
883 1815 943 1881 Διί
962 1816 1142 1896 αὔξουσαν·
1166 1819 1221 1883 άλ-

170 1950 197 1990 ιε
211 1930 288 1988 δειν
306 1924 369 2008 γάρ
387 1924 425 1987 τὸ
440 1922 560 2001 αὔξειν.
597 1924 730 2010 Κράτης
748 1919 786 1988 δὲ
804 1922 868 1988 άπὸ
886 1933 946 1988 τοῦ
966 1925 1109 1990 διαίνειν
1126 1947 1222 1989 τουτ-

212 2028 281 2094 έστι
304 2031 450 2094 πιαίνειν
472 2030 534 2112 την
556 2037 620 2113 γῆν
643 2030 797 2114 βούλεται
816 2029 1047 2114 ὀνομασθῆναι
1064 2031 1124 2096 τὸν
1143 2033 1221 2114 Δία,

212 2137 270 2201 τὸν
300 2136 346 2211 εἰς
377 2136 485 2200 πάντα
514 2137 685 2220 διήκοντα·
718 2137 945 2214 Ποσειδώνιος
975 2138 1035 2202 τὸν
1062 2141 1131 2201 Δία
1162 2138 1222 2202 τὸν

211 2243 319 2307 πάντα
350 2243 555 2338 διοικοῦντα·
592 2243 786 2329 Χρύσιππος
818 2239 856 2307 δὲ
884 2244 940 2308 διδι
971 2245 1008 2308 τὸ
1042 2243 1084 2308 δι’
1119 2243 1222 2309 αὐτὸν

212 2345 298 2414 εἶναι
320 2351 361 2414 τά
383 2349 498 2414 πάντα.
545 2350 639 2413 άλλοι
662 2349 722 2412 τὸν
740 2352 807 2412 Δία
830 2349 1009 2432 βούλονται
1033 2349 1222 2433 ὀνομασθη-

172 2482 199 2521 20
213 2480 269 2520 ναι
292 2455 357 2522 άπὸ
380 2465 441 2521 τοῦ
465 2456 547 2539 δεῖν,
569 2452 718 2519 τουτέστι
741 2455 914 2539 δεσμεύειν
936 2453 991 2520 καὶ
1016 2454 1166 2540 συνέχειν
1184 2458 1221 2521 τὸ

214 2564 347 2646 σύμπαν
369 2563 544 2644 αἰσθητόν·
570 2563 665 2627 άλλοι
688 2559 752 2625 ἀπὸ
776 2569 837 2626 τοῦ
860 2566 925 2645 ζῆν.
970 2558 1058 2638 τινὲς
1081 2559 1118 2628 δὲ
1140 2565 1228 2628 κατά

212 2669 272 2732 τὸν
294 2667 439 2753 ἡρωϊκὸν
457 2665 512 2732 καὶ
533 2668 690 2753 μεριστὸν
708 2669 811 2749 λόγον
829 2677 917 2752 τρεῖς
935 2671 1021 2744 Δίας
1038 2663 1125 2734 εἶναι
1144 2670 1223 2752 βού-

213 2779 343 2856 λονται,
370 2771 430 2838 ἕνα
452 2770 514 2858 μὲν
536 2773 697 2860 Αὔδέρος,
725 2774 784 2838 τὸν
807 2769 845 2838 δὲ
870 2771 984 2859 ἕτερον
1011 2774 1048 2839 ἐν
1065 2773 1224 2862 ’Ἀρκαδίᾳ

212 2885 383 2964 τεχθῆναι,
407 2879 439 2958 ἐξ
463 2876 504 2947 οὗ
527 2897 631 2965 φασιν
648 2878 808 2964 Ἀθηνᾶν,
830 2883 944 2974 τρίτον
968 2877 1005 2945 δὲ
1022 2882 1082 2945 τὸν
1099 2885 1223 2966 Κρῆτα.

284 3109 310 3145 v.
326 3095 359 3144 15
379 3089 487 3146 Crates:
506 3090 692 3144 Waohsmuth
712 3089 747 3144 de
766 3089 877 3145 ὔτολοτο
896 3089 1015 3146 Mallota
1032 3090 1084 3161 frg.
1100 3097 1115 3146 8

285 3306 309 3340 v.
326 3292 339 3339 1
355 3283 500 3356 άηχιάδης,
513 3285 549 3352 A,
565 3285 682 3356 σοιτί,
735 3291 751 3338 3
764 3292 814 3339 τοῦ
828 3283 944 3356 λιβάνου
958 3286 986 3339 Β
1002 3286 1006 3356 λ
1022 3286 1123 3358 λυδοῑς]
1138 3285 1226 3348 ίυλοῖς

215 3359 243 3412 Β
315 3353 486 3426 λάλαμίυης
504 3357 532 3410 Β
610 3362 643 3409 10
661 3353 876 3426 πυρησσομάνων
894 3356 926 3423 S,
950 3356 1081 3410 lacunam
1102 3355 1225 3410 indicavi

216 3435 249 3482 13
268 3425 413 3497 άμαλιδίαν
432 3429 459 3482 Β
475 3428 479 3500 λ
495 3425 546 3496 τὴν
563 3434 613 3481 τοῦ
632 3425 690 3496 ἅμα
705 3427 811 3496 Χ,τοῦ
831 3426 884 3480 del.
904 3428 948 3481 Rr
1020 3434 1053 3481 14
1072 3426 1167 3482 ὔλδειν
1186 3429 1224 3495 Χ,

215 3498 315 3554 ὔλδειν
334 3500 378 3553 Βτ
450 3504 482 3552 17
500 3498 550 3553 τὸν
573 3498 612 3560 είς
626 3529 659 3538 -
673 3497 723 3552 τὸν
742 3495 799 3552 Δία
821 3495 899 3552 omis.
920 3499 947 3551 Β
1020 3505 1052 3553 18
1072 3498 1227 3569 χρύσιτιπος

214 3567 263 3622 δία
281 3567 377 3624 τοῒονῦ
394 3568 429 3624 τδι
448 3568 541 3626 πάντα
560 3569 595 3638 A,
614 3569 767 3639 χρύσιππος
785 3567 816 3623 δὲ
833 3567 882 3622 διὰ
899 3569 931 3624 τὸ
951 3569 1061 3625 οίωνεῑν
1078 3568 1113 3622 τδι
1131 3567 1225 3624 πάντα

215 3640 256 3706 Β,
280 3655 349 3694 corr.
368 3641 411 3694 Rr
492 3647 523 3694 21
544 3643 600 3706 ζεῖν
617 3640 645 3694 A
726 3646 760 3694 22
779 3639 894 3709 ἡροιιιδν
913 3640 940 3694 Α
1022 3646 1055 3696 24
1074 3639 1178 3709 αρητην
1197 3643 1226 3695 A
