2788 4222
203 313 250 370 XO
602 311 808 366 PRAEFATIO

66 480 186 575 ,gfflffiilg
218 483 222 560 Ἰ
268 480 381 549 Quibus
402 480 546 556 expeditis
565 480 626 538 iam
645 479 799 556 adipsum
818 480 956 539 editionis
974 480 1111 539 habitum
1129 500 1211 540 acce·

203 571 316 643 damus,
344 587 432 644 quem
454 568 497 627 ita
519 568 651 644 institui,
678 570 713 626 ut
736 569 861 646 singulis
883 569 1078 646 paragraphis
1102 569 1211 629 adscri-

202 658 323 717 beretur
353 675 493 716 numerus
531 657 669 716 editionis
701 657 918 716 Roetherianae
950 690 992 698 -
1025 660 1060 716 ut
1089 659 1209 717 omnino

201 747 288 806 illam
309 745 513 804 Bekkerianae
540 745 684 823 praetuli,
716 747 827 822 quippe
858 765 919 823 qua
947 746 1018 806 novi
1046 746 1107 805 fere
1135 747 1211 806 nihil

201 835 381 912 praestitum
404 836 481 894 esset
500 867 541 876 ——
561 834 685 911 singulis
709 853 778 896 vero
802 835 936 894 versibus
955 835 1114 906 adderetur
1131 836 1210 895 codi-

202 943 271 983 cum
292 925 373 999 nota,
395 943 411 982 e
435 923 542 999 quibus
565 923 653 998 petiti
676 926 786 996 essent,
809 924 889 1000 ipsas
913 924 1047 983 codicum
1069 924 1211 983 lectiones

202 1011 364 1088 apparatui
393 1032 481 1088 quem
508 1013 617 1071 vocant
644 1011 745 1073 critico
768 1012 892 1088 inserui,
919 1013 1051 1094 itemque
1079 1013 1211 1072 virorum

202 1101 358 1160 doctorum
376 1100 568 1183 coniecturas,
588 1119 717 1176 quarum
734 1102 835 1160 tamen
854 1100 940 1160 omisi
959 1119 1018 1176 eas,
1036 1120 1114 1176 quae
1132 1121 1210 1160 nunc

200 1189 233 1248 in
262 1189 335 1265 ipsis
365 1189 514 1249 codicibus
543 1190 694 1267 legimtur,
723 1209 846 1266 easque,
876 1207 951 1265 quas
980 1189 1092 1248 nullius
1121 1191 1212 1266 pretii

202 1296 264 1337 esse
292 1278 371 1336 duxi.
418 1277 552 1336 addenda
579 1280 680 1336 autem
705 1278 743 1337 iis
771 1281 836 1338 erat
862 1279 989 1338 fortasse
1016 1297 1063 1352 ea,
1091 1269 1124 1336 in
1151 1298 1211 1354 qua

201 1367 234 1425 L.
259 1365 389 1426 Oohnius
412 1367 576 1443 periculum
602 1366 674 1425 fecit
701 1367 740 1425 ad
766 1367 855 1426 fidem
876 1367 1011 1428 Philonis
1034 1367 1069 1426 de
1093 1367 1210 1443 opificio

200 1455 304 1514 mundi
337 1453 356 1530 ξ
381 1458 442 1514 117
472 1447 531 1535 (ed.
561 1453 830 1514 (lehn-Wendland
855 1455 872 1513 I
897 1476 925 1532 p.
949 1448 1021 1536 41),
1048 1455 1099 1513 nbi
1126 1455 1210 1532 Lydo

200 1565 228 1620 p.
250 1546 300 1619 34,
320 1546 360 1602 21
385 1563 439 1620 pro
463 1542 511 1603 διὰ
529 1543 694 1604 vindicavit
712 1543 786 1623 δίχα.
822 1545 953 1620 itemque
973 1544 998 1603 si
1017 1563 1094 1619 quae
1113 1547 1211 1604 essent

201 1627 374 1692 testimonia
397 1632 529 1709 ipsorum
551 1631 707 1692 Laurentii
728 1633 887 1693 verborum
909 1633 946 1691 ab
971 1633 1038 1691 aliis
1061 1631 1210 1693 codicibus

199 1722 249 1781 vel
272 1720 464 1797 scriptoribus
486 1726 619 1796 servata,
646 1722 749 1781 eodem
775 1723 895 1797 recepta
923 1724 1005 1796 sunt3
1033 1721 1135 1780 addidi
1157 1740 1210 1780 au·

200 1814 262 1870 tem
292 1811 446 1885 praeterea
476 1813 655 1886 apparatum
684 1812 838 1870 auctorum
868 1810 905 1868 ab
932 1810 1044 1870 Ioanne
1074 1810 1210 1870 laudato-

199 1918 280 1957 rum:
303 1898 335 1955 in
359 1917 418 1973 quo
442 1901 513 1957 nota
537 1893 596 1958 ‘cl'
615 1899 733 1975 saepius
757 1899 896 1975 apposita
914 1899 1057 1975 signatur,
1081 1899 1210 1958 auctoris

199 1988 266 2047 loco
293 2006 353 2047 non
380 1987 483 2045 eadem
509 1987 570 2064 legi
598 2007 674 2064 quae
702 1988 783 2064 apud
804 1987 935 2063 Lydum,
963 1989 1096 2046 attamen
1122 1988 1210 2046 illum

201 2076 239 2135 ab
261 2076 317 2135 hoc
339 2075 503 2134 indicatum
526 2094 588 2135 esse
615 2077 718 2136 videri.
764 2077 815 2135 sed
837 2075 955 2135 nonde
979 2076 1114 2136 omnibus
1143 2095 1210 2135 auc·

200 2164 314 2224 toribus
342 2184 360 2223 a
387 2163 550 2225 Laurentio
577 2166 702 2241 prolatis
729 2185 794 2224 rem
819 2165 864 2224 ita
894 2183 981 2242 agere
1007 2165 1107 2240 potui,
1140 2165 1211 2240 quia

200 2253 374 2330 saepissime
397 2253 428 2312 in
452 2254 608 2313 afferendis
629 2255 690 2313 illis
712 2253 917 2332 neglegentior
940 2255 985 2312 est
1002 2253 1209 2328 Philadelphe-

200 2362 270 2419 nus3
296 2342 446 2401 interdum
473 2343 564 2401 etiam
591 2344 654 2403 fore
681 2346 715 2402 ut
741 2343 841 2402 locum
869 2341 999 2418 aliquem
1025 2341 1107 2418 apud
1132 2342 1210 2400 Neo-

200 2429 419 2508 platonicorum
433 2433 581 2508 quendam
600 2433 697 2491 adhuc
714 2433 859 2492 latentem
875 2431 907 2488 in
924 2430 1022 2490 lucem
1037 2431 1210 2506 protraham

199 2539 299 2596 sper03
323 2540 416 2578 unum
433 2521 548 2579 incuria
565 2539 632 2580 mea
651 2521 793 2580 omissum
809 2521 871 2578 iam
889 2539 968 2578 nunc
984 2519 1091 2578 addere
1109 2519 1208 2577 iuvat:

200 2608 241 2667 ad
262 2629 291 2684 p.
313 2610 385 2684 139,
404 2611 423 2666 2
447 2608 646 2684 Porphyrium
668 2609 750 2685 apud
772 2608 942 2682 Eusebium,
964 2627 1065 2684 praep.
1089 2627 1132 2666 ev.
1155 2607 1210 2682 III,

204 2699 255 2771 11,
275 2699 302 2754 7.

267 2783 312 2842 De
335 2783 510 2860 fragmentis
538 2784 614 2844 sedis
636 2785 767 2844 incertae
790 2787 821 2844 et
843 2785 919 2844 falso
947 2784 1100 2844 attributis
1122 2785 1210 2845 modo

200 2872 271 2931 dixi.
316 2872 427 2931 indices
449 2873 494 2931 ita
519 2875 683 2949 composui,
711 2876 747 2932 ut
773 2874 869 2949 primo
896 2874 961 2933 loco
990 2877 1144 2934 auctorum
1165 2874 1210 2932 in·

203 2961 299 3020 dicem
319 2980 515 3038 proponerem
537 2964 564 3021 h.
589 2983 612 3020 e.
637 2981 751 3038 eorum,
779 2982 907 3038 quorum
933 2962 1053 3022 nomina
1081 2962 1117 3020 ab
1145 2962 1210 3037 ipso

201 3050 364 3110 Laurentio
378 3051 582 3127 proferuntur,
605 3051 711 3127 quodsi
725 3069 836 3126 eorum,
849 3069 929 3131 ¹quos
947 3071 980 3110 re
998 3070 1069 3110 vera
1082 3051 1211 3126 inspexit

202 3139 312 3215 Lydus,
341 3139 522 3198 conscribere
544 3140 661 3214 vellem,
687 3141 776 3217 longe
800 3141 876 3199 alius
900 3142 977 3198 esset
999 3139 1132 3215 futurus,
1160 3139 1212 3198 sed

200 3229 233 3287 id
255 3232 291 3288 ut
313 3228 410 3287 facere
428 3228 548 3304 possim,
571 3228 705 3305 longiore
724 3247 797 3305 opus
817 3229 874 3288 erit
892 3227 1110 3304 disquisitione,
1133 3247 1210 3304 quae

201 3317 334 3392 spatium
365 3317 580 3394 prolegomenis
614 3335 784 3376 concessum
812 3317 942 3376 multum
974 3317 1013 3375 sit
1042 3335 1210 3394 egressura3

201 3423 288 3480 spero
312 3409 421 3482 autem,
443 3405 504 3464 alia
527 3406 599 3464 data
621 3406 773 3466 occasione
796 3405 871 3464 mihi
893 3408 1069 3465 eventurum
1091 3424 1154 3465 esse
1177 3408 1210 3463 ut

201 3493 345 3552 disseram
374 3494 410 3553 de
439 3493 594 3554 Laurentii
623 3494 762 3554 fontibus.
813 3494 957 3553 accedunt
987 3495 1151 3571 glossarum
1181 3496 1211 3552 et

201 3581 354 3640 nominum
381 3583 504 3658 indices3
537 3603 661 3658 cumque
688 3583 733 3642 his
764 3583 872 3657 tribue,
904 3583 1075 3642 auctoribus
1105 3582 1210 3660 glossis

201 3669 379 3745 nominibus,
410 3690 460 3731 eas
490 3673 635 3732 contineri
659 3691 705 3732 res
730 3676 881 3748 putarem,
913 3671 950 3730 ob
983 3690 1057 3746 quas
1090 3690 1109 3730 a
1138 3670 1211 3731 viris
