2760 4234
209 299 211 305 .
232 262 297 326 184
345 262 481 316 aanor.
501 261 616 316 imnis
636 261 684 315 nn
703 261 810 316 Mars.
830 261 943 318 miso
963 262 1122 318 remam

192 425 484 516 Αάπεργάζονται,
513 425 593 510 ὅπερ
621 427 743 510 βροντὴ
772 424 914 509 λέγεται,
943 428 1052 512 ὥσπερ
1081 426 1118 492 ἐν
1145 427 1243 493 ὕδατι

144 536 147 544 “
231 541 360 616 πνεῦμα
375 534 530 619 σφοδρῶς
549 531 784 616 ἐλαυνόμενον·
805 535 887 598 κατά
906 529 942 598 δὲ
961 534 1021 616 τὴν
1040 543 1100 598 τοῦ
1119 533 1243 618 νέφους

231 638 364 725 ἔκρηξιν
386 635 545 724 πυρωθὲν
567 639 604 703 τὸ
628 647 758 722 πνεῦμα
780 639 914 723 λάμφαν
936 639 1086 726 ἀστραπὴ
1106 639 1241 725 λέγεται.

190 755 217 809 Y
297 744 318 809 5
342 753 424 821 (179).
448 742 518 810 Ὅτι
544 746 772 830 Φεβρουάριος
800 747 974 829 φθονήσας
997 749 1156 834 Καμίλλφ
1175 758 1295 815 dccsth

204 878 217 918 5
231 851 369 937 μελέτην
378 853 577 938 τυραννίδος
587 851 691 916 αὐτοῦ
700 854 916 938 κατηγόρησε·
925 861 985 918 τοῦ
996 854 1016 916 δ
1018 849 1033 917 t
1043 852 1242 938 διωχθέντος

231 957 286 1023 καὶ
317 954 419 1035 αὖθις
446 959 598 1023 καθόδου
627 961 800 1043 τυχόντος,
832 958 883 1024 ὅτι
911 958 1175 1046 πολιορκουμένη
1203 970 1240 1046 τῇ

231 1066 366 1151 πατρίδι
388 1066 470 1130 κατά
492 1065 553 1148 τὴν
576 1066 689 1149 φυγην
715 1064 910 1149 ἐβοήθησεν,
937 1067 985 1142 εἰς
1008 1064 1154 1144 ἐξέτασιν
1179 1072 1241 1132 Φε-

231 1173 412 1258 βρουάριος
439 1173 551 1255 άγεται
574 1170 629 1237 καὶ
657 1173 824 1256 διώκεται,
851 1174 1021 1258 Κάμιλλος
1047 1169 1084 1238 δὲ
1106 1173 1160 1238 καὶ
1183 1175 1243 1239 τὸν

232 1278 408 1363 ἐπώνυμον
436 1278 539 1344 αὐτοῦ
567 1288 654 1363 μῆνα
680 1281 769 1365 παρὰ
798 1281 876 1356 τοὺς
903 1281 1025 1356 ἄλλους
1052 1279 1242 1363 ἐκολόβωσε.

192 1396 214 1449 Ρ
297 1387 316 1449 6
337 1394 419 1461 (180).
441 1383 528 1450 Φασὶ
544 1388 607 1472 γάρ
626 1387 687 1469 την
700 1385 849 1469 Νέμεσιν
866 1387 906 1451 τά
924 1388 1080 1472 γλαφυρά
1095 1397 1161 1452 τῶν
1175 1397 1298 1451 dcesth

193 1520 218 1559 11
232 1493 434 1578 πραγμάτων
465 1494 512 1568 εἰς
541 1494 579 1557 τὸ
611 1494 753 1576 ἔμπαλιν
783 1491 916 1578 τρέπειν
946 1502 1018 1568 ταῖς
1043 1491 1243 1578 ὑπερβολαῖς

232 1607 289 1682 τῆς
316 1600 430 1684 τύχης,
463 1601 508 1675 ὥς
535 1616 616 1683 φησι
641 1601 850 1683 Νουμήνιος,
882 1605 928 1686 τῷ
955 1594 992 1662 δὲ
1020 1597 1109 1685 αὐτῷ
1136 1607 1243 1686 τροχῷ
1352 1607 1371 1614 ”

232 1705 293 1790 την
316 1706 450 1789 ἰσότητα
473 1704 672 1788 ἐπάγουσαν,
697 1705 779 1770 ὅθεν
802 1705 820 1770 ὁ
843 1705 1045 1788 Μεσομηδης
1068 1703 1154 1769 οὕτω
1177 1727 1243 1770 που

231 1812 315 1897 πρὸς
337 1811 454 1896 αὐτήν·

192 1964 218 2004 15
437 1937 502 2001 ὑπὸ
526 1938 588 2001 σὸν
608 1938 730 2022 τροχὸν
753 1938 895 2001 άστατον
917 1935 1034 2019 ἀστιβῆ

438 2045 567 2128 χαροπὰ
589 2046 743 2126 μερόπων
766 2042 939 2128 στρέφεται
962 2044 1051 2126 τύχα.

305 2254 329 2289 v.
351 2241 383 2289 13
403 2234 575 2291 Mesomedes
593 2235 686 2304 hymn.
705 2235 736 2289 in
754 2234 886 2288 Nemesin
903 2253 928 2288 v,
944 2238 999 2288 7.ss

306 2419 391 2480 §179
411 2431 427 2468 e
450 2412 593 2467 codicibus
618 2412 786 2467 recensionis
810 2413 839 2466 Y
859 2412 949 2466 edidit
972 2415 1001 2466 et
1022 2411 1094 2466 libro
1114 2412 1148 2465 de
1167 2428 1244 2465 men-

235 2485 312 2540 sibus
330 2485 484 2539 vindicavit
496 2485 530 2538 H.
545 2485 641 2553 Haupt
654 2485 747 2538 Hem.
762 2484 825 2536 XIV
843 2503 869 2553 p.
885 2489 946 2552 296,
964 2499 1021 2552 qua
1040 2483 1074 2536 de
1092 2499 1122 2536 re
1141 2481 1200 2536 dixi
1213 2482 1243 2536 in

234 2555 417 2628 praefatione.
490 2574 513 2610 v.
530 2562 545 2609 6
564 2552 605 2619 οἶς
624 2556 657 2622 Υ,
677 2553 852 2625 (inscripsit
868 2551 1104 2624 πολιουριιουμένη
1120 2555 1243 2623 Y‚quod

236 2627 342 2682 correxi
414 2633 429 2679 'l
449 2625 480 2681 dt
500 2625 592 2681 ἔτασιν
615 2627 648 2695 Υ,
667 2625 790 2691 ἐξέτασιν
808 2625 946 2695 temptavi
1018 2632 1033 2679 9
1052 2623 1188 2697 κολόβωσε
1209 2625 1243 2692 Υ,

235 2698 311 2766 quod
330 2697 436 2752 correxi
507 2703 522 2763 ξ
542 2703 593 2751 180
613 2697 643 2751 ἔτι
660 2707 715 2752 τῶν
735 2697 862 2764 ἱστοριῶν
886 2707 918 2750 ιῶ
936 2705 986 2750 τοῦ
1009 2694 1199 2765 φιλαδελφίας
1218 2697 1248 2748 Ρ

235 2769 254 2824 f.
271 2775 337 2822 100v
352 2769 475 2839 (Cramer
488 2768 591 2822 Anecd.
607 2768 668 2823 Par.
681 2769 702 2836 Ι,
716 2771 787 2838 406),
803 2784 887 2837 quam
901 2768 1110 2838 paragraphum
1122 2766 1243 2821 tractavi

234 2839 265 2894 in
282 2838 495 2910 prolegomenis.
569 2844 602 2892 13
621 2836 768 2908 μεσοδίκης
787 2840 820 2907 Ρ,
839 2855 909 2892 corr.
928 2838 1041 2893 Cramer
