2760 4234
229 248 294 312 120
497 247 605 302 LIBER
624 246 801 312 QUARTUS.
829 248 968 302 APRILIS

192 421 210 476 S
293 411 344 474 66.
360 408 430 476 Ὅτι
452 412 484 476 οἱ
504 413 645 495 φυσικοί
661 427 745 495 φασι
766 413 823 491 τὰς
841 413 978 494 θηλείας
1000 413 1058 488 τὰς
1076 410 1145 476 κατ’
1169 422 1298 477 deesth

229 515 315 581 εὐθὺ
338 517 400 600 τὴν
426 516 657 602 ἀναστόμωσιν
680 528 746 582 τῶν
769 516 912 600 ἀγγείων
936 517 1074 601 ἐχούσας
1096 519 1238 595 τοκάἀας

229 618 325 706 εἶναι,
347 625 405 699 τάς
428 619 465 687 δὲ
489 621 524 687 ἐκ
546 625 690 705 πλαγίου
713 627 852 708 στείρας.
1142 693 1155 716 ,

174 739 224 794 XS
293 729 344 794 67.
372 733 418 815 Τῇ
441 730 505 815 πρὸ
527 740 630 813 τριῶν
648 732 780 794 Νωνσιν
793 727 973 816 Ἀπριλίων
986 729 1150 817 Ἡρακλῆς
1168 741 1295 797 BrIV46
1356 763 1358 769 v

200 834 387 913 ιέπινίαιος
401 835 531 920 ἐτιμᾶτο
547 827 601 900 οἷα
614 835 728 918 ὑγείας
741 837 852 922 θοτόρ.
888 834 942 901 καὶ
958 836 1117 921 ῥαφάνων
1135 840 1238 922 νόμος

185 952 211 1005 X
225 944 307 1008 κατά
329 943 390 1007 τὸν
411 952 499 1027 μῆνα
521 950 642 1008 τοῦτον
664 941 846 1027 ἀπέχεσθαι
863 942 1039 1028 Ῥωμαίοις.
1072 942 1238 1029 Ἡρακλῆς

225 1045 263 1113 66
292 1048 310 1115 6
338 1051 458 1134 χρόνος
484 1051 573 1134 παρὰ
604 1057 650 1136 τῷ
677 1050 857 1137 Νικομάχῳ
889 1055 1030 1135 είρηται,
1062 1049 1145 1116 ἀλλά
1171 1052 1237 1135 μὴν

226 1153 281 1218 καὶ
313 1155 420 1238 ἥλιος,
454 1154 585 1238 λέγοντι
612 1153 729 1231 οὕτως·
754 1153 930 1240 Ἥρακλῆς
956 1151 1017 1241 μὲν
1040 1150 1103 1221 οὖν
1130 1155 1149 1220 ό
1176 1157 1237 1239 την

182 1247 184 1252 ,
224 1260 301 1348 περὶ
324 1263 385 1328 τὸν
408 1261 488 1349 ἀέρα
509 1263 629 1327 κλάσιν
651 1271 689 1347 τῇ
713 1272 780 1327 τῶν
802 1263 900 1347 ὡρῶν
921 1272 1102 1348 περιτροπῇ
1122 1262 1237 1328 ποιού-

186 1393 212 1433 10
225 1391 338 1453 μενος,
370 1367 542 1434 τουτέστιν
568 1368 682 1451 ἥλιος]
727 1369 781 1434 διὸ
809 1369 851 1451 δὴ
877 1367 932 1434 καὶ
961 1367 997 1434 ἐν
1024 1377 1094 1444 τοῖς
1115 1369 1237 1434 τούτου

225 1479 419 1559 μυστηρίοις
441 1477 519 1552 τοὺς
542 1477 683 1560 ἀρρενας
709 1477 913 1557 γυναικείαις
942 1480 1074 1552 στολαῖς
1095 1484 1237 1560 κοσμοῦ·

226 1599 291 1665 σιν,
319 1582 375 1646 ἀτε
398 1582 440 1665 δὴ
463 1579 496 1659 ἐξ
519 1580 715 1666 ἀγριότητος
736 1579 791 1645 καὶ
819 1580 956 1663 ἀγονίας
983 1590 1040 1665 τῆς
1068 1584 1149 1647 κατά
1177 1582 1237 1647 τὸν

225 1698 369 1772 χειμῶνα
382 1686 568 1774 ἀρχομένου
581 1696 641 1752 τοῦ
661 1696 882 1771 σπερματικοῦ
901 1690 1002 1752 τόκου
1017 1689 1237 1770 θηλύνεσθαι.

225 1792 280 1858 καὶ
303 1803 406 1858 ταῦτα
428 1789 489 1877 μὲν
511 1801 557 1880 τῷ
581 1795 653 1878 ἔαρι
681 1791 824 1857 ἐτέλουν.
869 1797 945 1878 τρία
972 1790 1010 1858 66
1038 1793 1127 1882 αὐτῷ
1149 1800 1237 1878 μῆλα

185 1926 211 1966 15
226 1899 263 1965 ἐν
285 1909 324 1984 τῇ
348 1904 426 1986 λαιᾷ
452 1909 526 1964 ταῖν
555 1909 669 1984 χεροῖν
696 1907 754 1982 τῆς
776 1901 901 1985 χρόνου
926 1897 968 1964 δι’
992 1899 1096 1965 αὐτοῦ
1119 1899 1237 1985 ἀναμε-

225 2009 341 2090 ρίσεως
364 2005 546 2090 σύμβολον·
578 2010 685 2090 μῆλον
714 2001 776 2090 μὲν
804 2007 868 2092 γάρ
897 2007 953 2072 διὰ
980 2008 1041 2090 την
1067 2008 1151 2094 πρὸς
1177 2010 1236 2074 τὸν

223 2113 319 2196 κριὸν
356 2111 459 2177 αὐτοῦ
497 2112 723 2196 συμπάθειαν,
759 2111 843 2197 ἀρχὴ
885 2109 922 2177 66
962 2115 1087 2196 χρόνου
1121 2113 1235 2199 ἐαρινὴ

223 2221 337 2302 τροπή.
381 2216 435 2283 καὶ
468 2220 575 2294 ἀλλως
607 2214 644 2282 δὲ
673 2222 763 2304 τρία,
796 2219 847 2283 ὅτι
876 2220 1031 2305 τριμερὴς
1061 2219 1078 2285 6
1106 2222 1235 2305 χρόνος.

223 2323 361 2407 ἀνοίγειν
388 2321 426 2390 δὲ
449 2322 577 2408 λέγεται
604 2325 663 2390 τὸν
690 2325 775 2390 κύνα
802 2326 862 2390 τὸν
889 2323 1089 2412 τρικέφαλον
1117 2325 1152 2390 ἐκ
1175 2335 1236 2391 τοῦ

185 2428 350 2513 κ’Ἇιὸον,
387 2432 437 2497 ότι
469 2433 693 2517 φρουρητικὸς
729 2430 783 2496 καὶ
820 2434 1018 2517 λυμαντικὸς
1055 2432 1072 2498 ὁ
1105 2435 1236 2518 χρόνος,

223 2538 332 2623 ὥσπερ
361 2539 402 2621 θη
425 2536 480 2602 καί
504 2538 522 2603 6
545 2539 648 2602 κύων·
681 2549 768 2623 τρεῖς
795 2534 832 2602 δὲ
861 2538 949 2625 αὐτῷ
976 2542 1131 2622 κεφαλαί,
1159 2539 1234 2604 ὅτε

222 2643 402 2728 παρελθὼν
429 2642 484 2708 καὶ
513 2643 530 2709 6
560 2642 698 2722 ἐνεστὼς
725 2642 780 2708 καὶ
811 2643 828 2708 6
856 2643 985 2727 μέλλων
1011 2649 1134 2731 καιρός.
1179 2643 1234 2709 καὶ

223 2750 330 2824 ἄλλως
353 2745 390 2812 δὲ
413 2750 452 2813 τά
475 2752 551 2832 τρία
572 2754 660 2832 μῆλα
688 2748 830 2832 ληπτέον
852 2748 906 2814 ἐπὶ
924 2748 1126 2836 Ἡρακλέους
1153 2753 1234 2816 κατὰ

223 2856 411 2939 φιλόσοφον
444 2855 565 2939 δόγμα,
597 2855 648 2920 ὅτι
680 2856 738 2931 τὰς
770 2866 857 2940 τρεῖς
888 2858 1065 2941 περιόδους
1097 2857 1114 2923 ὁ
1147 2858 1235 2944 ἥρως

182 2988 208 3028 τι
223 2961 348 3038 ἀνύσας
370 2970 431 3026 τοῦ
453 2971 634 3047 πρακτικοῦ
653 2965 730 3046 βίον
748 2961 872 3038 τέλειος
891 2958 977 3028 εἶναι
996 2964 1094 3030 δοκεῖ.
1130 2964 1233 3050 ταύτη

292 3125 349 3173 v.4
368 3116 411 3173 ότι
428 3127 461 3189 τῆ
484 3119 539 3187 πρὸ
553 3125 619 3172 -6
638 3113 783 3189 ᾇωμαίοις·
808 3117 882 3184 ὅπως
904 3118 936 3174 δὲ
958 3118 1101 3188 ἀτρίλλιος
1123 3119 1229 3189 ὠνομά·

222 3193 280 3256 ζετο
300 3189 407 3259 είρηται
426 3190 447 3244 S
470 3192 475 3258 1
500 3187 644 3258 Ἀπριλίωυ
663 3189 740 3244 omia.
758 3191 785 3244 B
893 3196 909 3244 5
929 3191 1039 3260 ἐτιμᾶτο
1058 3189 1235 3256 ἐπινίκιοςύ

222 3259 342 3331 8λόγων
361 3262 399 3330 Χ,
424 3279 491 3316 corr.
509 3261 561 3316 Sela
643 3268 674 3315 11
694 3258 865 3334 μυστηρίοις]
889 3271 987 3332 μηροῖς
1005 3263 1033 3316 Β
1115 3269 1148 3316 12
1167 3264 1232 3334 ἀγο-

222 3329 284 3400 ρίας
302 3333 344 3401 Χ,
365 3329 481 3402 ἀγονίας
499 3332 542 3386 Rr
619 3338 651 3385 14
670 3334 733 3400 περὶ
756 3331 913 3404 ἀγάλματος
934 3341 984 3388 τοῦ
1007 3332 1158 3402 ηρακλίους
1181 3337 1232 3406 βα-

222 3402 369 3468 στάζοντος
386 3411 419 3473 τῆ
438 3404 568 3471 ἀριστερᾶ
586 3405 657 3473 χειρὶ
675 3403 738 3471 τρία
752 3407 831 3474 μῆλα.
868 3405 917 3460 τόν
931 3401 1053 3473 ἡρακλία
1066 3406 1116 3460 τὸν
1130 3403 1232 3475 χρόνον

221 3471 360 3543 λέγουσιν,
389 3473 419 3537 ὅς
447 3473 520 3530 ἐστιν
547 3473 686 3544 τριμερής·
716 3474 764 3545 ἔαρ
792 3473 878 3544 θέρος
905 3477 953 3530 καὶ
980 3477 1081 3546 χειμών
1107 3477 1134 3534 R
1161 3476 1179 3530 f.
1199 3482 1232 3528 4ν

223 3549 256 3598 15
274 3547 349 3616 ταῖν]
367 3550 417 3600 τόν
435 3545 462 3599 A
536 3551 568 3599 17
588 3546 667 3612 κριόν
685 3546 725 3615 Α,
748 3547 849 3615 καιρόν
867 3547 941 3618 Α,Β
1013 3552 1045 3600 21
1066 3547 1081 3601 ό
1105 3547 1191 3619 κύων]
1216 3547 1231 3602 6

222 3614 299 3670 omis.
320 3617 347 3669 B
420 3623 453 3670 23
473 3620 545 3686 μῆλα
563 3616 641 3672 omis.
660 3618 687 3670 A
