2788 4222
575 285 781 342 PRAEFATIO
1125 285 1186 341 XLI

175 475 263 531 quem
284 454 415 514 habeant
437 473 504 514 eum
526 454 614 515 rebus
641 454 673 513 in
702 455 755 515 illo
786 455 940 532 expositiez
976 455 1029 514 sed
1058 454 1187 514 alterum

176 545 211 603 de
240 544 367 622 bisexto,
404 543 485 620 quod
515 543 535 602 f.
561 546 644 604 107v
670 540 794 622 legitur,
827 564 843 604 e
869 543 1013 604 Macrobii
1041 542 1185 604 Saturna·

174 632 251 692 libus
272 633 352 710 1,14
375 632 518 692 haustum
539 632 659 692 videtur
682 651 758 712 esse,
787 636 817 693 et
840 633 968 694 aiterum
994 633 1060 709 ipso
1083 632 1186 693 verbo·

173 741 241 781 rum
262 723 364 782 tenore
384 724 490 798 postea
509 721 568 781 elio
588 741 623 780 ex
645 721 727 781 fonte
751 721 887 782 additum
915 740 978 782 esse
1006 721 1187 797 ostenditur3

175 813 277 870 temen
294 809 372 869 illud
388 811 512 887 propter
530 810 680 888 singulare
699 810 764 870 eius
782 813 992 890 argumentum
1010 810 1186 871 adverbum

173 899 243 958 huie
266 899 331 959 loeo
353 899 482 958 inserere
508 899 600 958 lioeet
622 894 654 976 (f.
681 891 787 980 109'):
815 907 900 960 τοῦτο
923 899 1018 972 οθτως
1039 896 1098 960 ὑπὸ
1117 891 1186 959 Ῥω

173 987 269 1067 μαίων
297 984 429 1047 τέτακται
464 980 605 1069 (initium
639 987 811 1048 indictionis
851 987 918 1048 Kal.
950 987 1041 1064 Sept,
1072 988 1108 1047 ef.
1141 988 1186 1046 ed.

172 1085 200 1153 p.
221 1077 273 1154 61,
288 1068 323 1157 5)
347 1072 387 1149 ὡς
413 1072 585 1156 ἀνθρώπων
611 1071 835 1155 ἀσχολουμένων
861 1075 905 1149 είς
930 1074 963 1137 τό
992 1075 1187 1137 δικαιοδοτεῖν

172 1162 223 1225 καί
250 1163 292 1238 ελς
319 1162 374 1242 τὴν
401 1160 612 1244 συμφέρουσαν
643 1173 679 1249 τῇ
710 1163 839 1247 πολιτείᾳ
867 1164 1055 1225 κατάστασιν·
1092 1161 1186 1245 δγδιρ

173 1251 375 1335 Σεπτέμβριος
393 1251 453 1332 μὴν
475 1260 535 1312 τῶν
554 1251 771 1333 παρελθόντων
793 1251 895 1314 κόπων
922 1249 962 1326 ὡς
985 1250 1033 1314 ἐπί
1054 1251 1086 1313 τὸ
1108 1251 1187 1313 πολὺ

173 1341 242 1416 τοὺς
272 1340 404 1420 καρποὺς
434 1341 591 1422 σνχκλείει,
617 1338 667 1402 καί
693 1346 756 1414 ταῖς
784 1338 954 1419 ἀποθήκαις
980 1338 1186 1420 ἕναποτίθησι,

173 1429 223 1491 καί
252 1439 312 1491 τῶν
339 1427 482 1491 ἐπιόντων
508 1428 684 1507 πνευμάτων
713 1426 870 1510 άπάρχεται
898 1427 1036 1491 καὶτῶν
1066 1434 1187 1508 μισθῶν

173 1517 224 1580 καί
251 1528 309 1580 τῶν
335 1517 456 1579 πάντων
481 1516 532 1579 καί
554 1525 613 1578 τῶν
635 1517 759 1578 κίνσων·
787 1516 819 1578 τὸ
843 1514 874 1579 δὲ
898 1515 1006 1600 λέγειν,
1034 1515 1078 1578 ὅτι
1098 1510 1186 1578 Ἰνδι-

173 1605 263 1668 κτιὼν
283 1606 385 1685 εἰληφε
404 1605 459 1685 την
477 1603 570 1687 ἀρχὴν
586 1610 742 1667 καλεῖσθαι
760 1603 818 1667 άπό
841 1629 921 1679 τινος
940 1615 1102 1688 στρατηγοῦ
1117 1599 1184 1666 ‘Pu-

176 1695 271 1775 μαίων
285 1688 428 1756 Ἰνδίκτου
449 1688 679 1774 ἢἸνδικτιῶνος
696 1691 892 1775 καλουμένου,
914 1693 962 1756 ἐπί
980 1693 1097 1776 χρόνοις
1114 1715 1184 1755 πεν-

173 1784 324 1846 τεκαίδεκα
347 1783 478 1865 μεγάλως
500 1782 712 1864 εὐτυχήσαντος
733 1781 783 1844 καί
806 1775 897 1858 αὖθις
918 1777 968 1863 ἐφ’
989 1781 1098 1866 ἑτέροις
1114 1805 1185 1844 πεν-

174 1873 325 1935 τεκαίδεκα
347 1871 597 1952 δυστυχήσαντος,
624 1870 782 1934 κὲντεῦθεν
809 1873 971 1947 δεδωκότος
994 1878 1057 1948 τοῖς
1079 1871 1187 1952 ἐφεξῆς

174 1962 244 2041 μετά
267 1983 347 2035 τινος
368 1959 565 2043 ἐπιτηρήσεως
586 1959 642 2040 τὴν
664 1970 723 2022 τῶν
745 1960 860 2043 χρόνων
878 1962 989 2024 τούτων
1009 1959 1186 2044 ἀπαριθμεῖ-

175 2055 248 2112 σθαι
278 2049 439 2129 ποσότητα,
471 2056 606 2130 μυθικῶς
638 2049 734 2111 δοκεῖ·
766 2055 876 2131 μᾶλλον
906 2048 938 2113 δὲ
968 2048 1069 2130 ἀληθῆ
1099 2049 1185 2111 τότε

176 2154 315 2238 εἰρημένα
336 2155 387 2217 καλ
410 2155 465 2216 ὅσα
482 2153 514 2216 ἔν
532 2178 562 2216 τε
583 2160 623 2240 τῷ
646 2158 666 2237 β
687 2156 834 2242 προσώπῳ
857 2166 910 2219 τοῦ
933 2156 1051 2238 πρώτου
1070 2155 1186 2234 φόλλου

175 2244 279 2307 καλόν
301 2249 342 2330 τῷ
364 2245 469 2330 πρώτῳ
496 2243 644 2330 προσῶπιμ
670 2254 723 2306 τοῦ
751 2245 873 2307 δεκάτου
901 2245 1016 2324 φύλλου
1043 2242 1184 2326 εὑρήσεις.

175 2335 327 2414 relegetur
360 2337 462 2394 eutem
496 2335 591 2394 leotor
626 2334 664 2394 ad
690 2335 710 2394 f.
741 2337 822 2394 111‘
852 2327 914 2417 (τι
938 2335 981 2394 ed
1013 2354 1043 2410 p.
1067 2335 1123 2409 61,
1143 2329 1187 2412 7),

174 2423 227 2483 ubi
250 2423 434 2500 adscriptum
457 2425 502 2482 est
523 2422 678 2482 Laurentii
700 2423 798 2483 verbis
820 2419 860 2502 ἣν
882 2420 967 2484 αὐτοὶ
989 2418 1043 2500 μὲν
1067 2421 1185 2483 ίνδικτι·

175 2521 238 2573 ῶνα
259 2516 381 2573 καλοῦσι
402 2513 436 2571 in
458 2511 605 2590 margine:
627 2509 705 2590 ζήτει
725 2509 783 2592 πρὸ
806 2511 920 2590 φύλλου
938 2510 1014 2586 ἑνός,
1035 2511 1114 2571 unde
1133 2529 1186 2589 ap-

174 2621 274 2698 paret,
304 2637 416 2678 errasse
439 2617 596 2677 librarium
617 2636 685 2678 eum
714 2617 855 2678 scriberet
883 2613 916 2677 ἐν
938 2621 978 2700 τῷ
996 2619 1016 2697 β
1037 2616 1186 2702 προσώπῳ

174 2716 227 2769 τοῦ
249 2706 368 2788 πρῶτον
391 2700 468 2789 (soil.
492 2704 562 2785 μετὰ
584 2699 685 2788 τοῦτο)
708 2705 833 2785 φύλλου,
857 2710 922 2766 erat
943 2706 1022 2766 enim
1039 2707 1139 2784 potius
1158 2706 1186 2766 ei

175 2796 362 2856 scribendum
384 2793 417 2856 ἐν
438 2800 478 2880 τῶ
502 2799 524 2854 ᾶ
545 2803 598 2856 τοῦ
620 2791 766 2876 δευτέρου.
805 2796 884 2872 quod
907 2795 1001 2856 altero
1019 2797 1085 2856 loeo
1109 2814 1186 2855 oom-

175 2887 357 2945 memoratur
375 2883 488 2963 φύλλον
516 2880 638 2944 δέκατον
664 2887 710 2945 est
735 2885 756 2946 f.
774 2886 857 2962 120¹,
879 2884 931 2943 ubi
955 2883 990 2944 de
1014 2883 1187 2962 Septembre

174 2993 275 3034 mense
298 2973 399 3051 agitur
421 2968 479 3050 (ed.
502 2992 531 3049 p.
552 2965 702 3054 158‚16)‚
725 2973 761 3032 de
783 2972 945 3032 indictione
967 2975 1068 3032 autem
1090 2990 1186 3032 sermo

174 3082 235 3122 non
258 3065 311 3122 est.
357 3081 434 3139 quae
457 3061 557 3122 omniu
580 3061 714 3140 exposui,
742 3080 780 3121 ne
807 3081 906 3121 errore
927 3061 980 3120 illo
1004 3061 1119 3120 librarii
1141 3059 1186 3118 in·

175 3150 292 3211 ducaris
309 3151 342 3210 in
360 3150 538 3227 opinionem,
561 3150 691 3211 eodieem
705 3149 735 3225 S,
753 3149 896 3227 quoniam
913 3150 1054 3210 foliorum
1071 3147 1187 3207 numeri

176 3239 213 3299 ab
237 3242 357 3300 auctore
380 3238 491 3316 prolati
513 3258 573 3299 non
596 3239 776 3300 conveniunt
799 3258 867 3301 oum
887 3239 933 3314 iis,
956 3239 1007 3314 qui
1025 3236 1090 3298 veri
1107 3238 1187 3313 sunt,

176 3328 356 3405 exscriptum
379 3347 441 3388 esse
464 3347 525 3388 una
547 3346 616 3387 eum
642 3327 856 3407 marginalibus
883 3326 963 3386 notis
986 3345 1006 3385 e
1024 3324 1186 3386 vetustiore

178 3416 309 3494 quodam
332 3417 507 3494 exemplari,
533 3417 733 3493 interipsum
761 3421 791 3478 et
812 3415 890 3492 Lydi
918 3413 1031 3474 codices
1055 3413 1186 3492 integros

176 3505 387 3565 intercedente.
432 3525 527 3583 neque
552 3508 654 3565 tamen
679 3506 773 3565 talem
800 3504 932 3580 aliquem
955 3502 1085 3562 eodieem
1108 3503 1188 3562 inter

175 3593 372 3655 Laurentium
390 3597 421 3653 et
439 3593 653 3654 Seoriulensem
670 3593 803 3652 medium
820 3592 912 3651 fuisse
930 3594 1093 3670 negaturus
1108 3611 1187 3667 sum3

175 3702 283 3744 moneo
301 3685 421 3743 tantum
439 3683 635 3742 demonstrari
656 3682 689 3741 id
706 3701 766 3742 non
784 3699 870 3759 posse
883 3680 937 3741 illo
950 3681 1066 3740 librarii
1080 3699 1186 3741 errore.
