2788 4222
223 263 361 318 LXXXIV
626 260 830 316 PRAEFATIO

223 423 312 490 huius
341 431 473 507 computi
504 429 724 491 institutionem
750 428 897 488 discerent
922 429 1069 506 homines,
1102 429 1233 489 Arcades

224 521 285 579 iam
298 522 389 596 atque
404 518 556 596 Sicyonios
575 519 665 578 fuisse
685 518 874 576 affirmabant
888 520 1002 577 veteres
1016 510 1084 599 (HI,
1101 520 1117 576 1
1131 511 1233 600 extr.):

224 609 302 669 unde
325 609 372 684 fit,
400 610 436 666 ut
463 609 501 667 ab
523 607 675 667 Arcadum
703 609 793 682 atque
817 606 1024 682 Sicyoniorum
1047 608 1233 683 aequalibus

223 698 256 756 id
279 700 323 756 est
342 717 359 756 a
377 697 480 773 primis
500 696 677 770 hominibus,
695 695 820 770 incipiat
837 695 912 754 liber
930 696 1047 754 tertius.
1085 694 1104 771 ξ
1124 699 1143 754 2
1162 715 1232 755 vero

224 787 255 844 in
279 787 407 845 mediam
433 805 486 844 nos
513 785 621 844 mensis
650 784 851 843 definitionem
877 783 982 857 infert,
1011 804 1070 860 qua
1099 784 1235 843 absoluta

223 895 278 951 per
300 875 512 953 digressionem
535 874 668 949 aliquam
696 873 731 930 de
759 876 866 931 natura
893 892 992 930 rerum
1016 869 1048 949 (ξ
1068 870 1100 950 3)
1124 873 1233 931 transit

225 964 263 1022 ad
282 964 353 1022 anni
371 963 547 1022 vocabulum
567 963 796 1038 computumque
815 957 848 1038 (ξ
864 952 951 1041 4sq.)
972 961 1050 1036 apud
1068 961 1234 1038 Aegyptios

226 1051 354 1111 Graecos
377 1053 539 1112 Romanos:
562 1051 668 1110 horum
690 1052 831 1110 novatam
855 1069 917 1109 esse
941 1050 1011 1108 anni
1035 1049 1235 1109 definitionem

226 1160 244 1200 a
267 1141 366 1199 Numa
388 1139 535 1216 Pompilio
560 1142 590 1198 et
613 1137 643 1198 O.
669 1138 793 1198 Caesare
817 1135 850 1215 (ξ
870 1135 918 1216 bl:
943 1141 973 1196 et
996 1158 1031 1196 ex
1054 1137 1235 1197 accuratiore

227 1230 288 1288 divi
310 1229 382 1287 Iulii
403 1229 627 1288 institutionum
649 1227 820 1287 narratione
843 1230 1000 1303 supersunt
1023 1245 1067 1302 ea,
1092 1247 1168 1302 quae
1192 1227 1236 1285 di-

228 1320 337 1377 cuntur
359 1318 393 1376 de
416 1317 530 1377 bisexto
555 1307 589 1399 (ἓ
611 1313 651 1395 7),
675 1317 782 1392 quibus
808 1316 963 1374 addiderat
985 1316 1127 1374 nonnulla
1151 1316 1186 1374 (16
1205 1315 1236 1374 vi

226 1407 328 1466 Lunae
353 1426 452 1466 omnes
476 1406 619 1483 temporis
647 1409 729 1464 actus
753 1407 886 1482 regente,
914 1408 1054 1463 naturam
1077 1405 1237 1463 secundum

225 1497 470 1572 philosophorum
483 1499 514 1554 et
527 1495 725 1570 mythioorum
739 1493 904 1552 doctrinam
917 1493 1131 1569 interpretatus
1148 1490 1180 1569 (ξ
1192 1485 1236 1574 8),

225 1585 303 1643 unde
333 1585 442 1644 transit
471 1584 510 1642 ad
539 1583 628 1643 ferias
656 1583 846 1658 sementinas,
878 1582 986 1658 quippe
1017 1600 1094 1657 quae
1125 1583 1237 1640 statum

227 1674 305 1732 diem
323 1676 428 1732 nactae
447 1691 507 1730 non
525 1673 597 1731 sint:
618 1671 808 1747 quamobrem
827 1673 979 1746 exemptae
999 1673 1084 1729 erant
1103 1669 1236 1728 aLunac

227 1762 376 1838 potestate
405 1761 492 1820 modo
522 1761 654 1819 laudata.
706 1758 811 1835 quibus
839 1759 979 1834 expositis
1006 1759 1125 1818 brevem
1153 1759 1236 1817 addit

227 1849 464 1924 disquisitionem
492 1848 527 1907 de
555 1850 663 1907 natura
690 1847 835 1906 seminum
862 1847 981 1923 septimi
1009 1847 1151 1922 cuiusque
1179 1845 1238 1905 diei

227 1939 289 1996 vim
312 1936 532 1996 observantium
560 1940 590 1995 et
617 1937 652 1994 (16
680 1935 778 1994 indole
806 1936 921 1993 numeri
948 1936 1108 2012 septenarii
1133 1939 1163 1994 et
1186 1955 1237 1994 no-

227 2025 342 2085 venarii
365 2017 399 2106 (ἓ
425 2017 466 2106 9).

294 2114 420 2173 Dixerat
438 2114 532 2173 adhuc
550 2113 728 2172 Laurentius
748 2113 782 2170 de
801 2132 900 2172 mense
923 2132 1059 2188 annoque
1079 2113 1238 2171 secundum

231 2207 415 2264 astronomos
435 2203 656 2280 astrologosque
676 2201 847 2277 observatis
867 2221 945 2262 nunc
962 2202 1024 2260 iam
1043 2202 1081 2260 ad
1094 2202 1240 2260 mensium

229 2292 440 2367 definitionem,
463 2293 497 2350 ut
515 2292 559 2350 ita
577 2291 682 2366 dicam,
706 2289 823 2348 civilem
844 2309 874 2350 se
898 2289 1052 2350 convertit.
1097 2309 1239 2367 paragra·

230 2383 306 2459 phus
330 2381 409 2440 enim
436 2380 549 2439 decima
575 2379 669 2438 fusior
697 2382 742 2438 est
769 2379 931 2457 multisque
959 2377 1126 2438 excursibus
1154 2397 1241 2454 prae-

231 2471 306 2546 dita,
336 2490 412 2546 quae
439 2472 540 2528 tamen
564 2468 596 2527 in
623 2468 795 2528 universum
822 2469 956 2545 spectata
984 2471 1055 2546 agat
1082 2467 1117 2525 de
1144 2467 1239 2526 tribus

231 2559 372 2634 cuiusque
395 2559 503 2617 mensis
522 2557 604 2616 feriis
622 2557 773 2630 Romania,
796 2557 831 2615 de
855 2557 996 2616 Kalendis
1015 2557 1109 2616 Nonis
1127 2555 1239 2630 Idibus,

234 2650 264 2706 et
286 2647 322 2704 de
340 2647 456 2705 ratione
476 2646 606 2723 singulos
625 2645 687 2704 dies
707 2665 741 2703 cx
759 2645 805 2704 his
823 2645 918 2704 tribus
937 2645 1136 2721 computandi.
1173 2663 1240 2703 con-

233 2734 357 2795 veniunt
380 2738 482 2793 autem
499 2735 700 2794 Romanorum
718 2733 869 2792 Kalendae
893 2753 961 2792 oum
981 2733 1160 2793 Graecorum
1180 2754 1240 2792 νεο-

234 2822 332 2905 μηνίᾳ,
352 2843 411 2899 qua
424 2843 455 2881 re
469 2823 647 2882 Laurentius
665 2822 768 2898 utitur,
786 2825 822 2881 ut
841 2821 860 2898 ξ
877 2824 915 2881 11
931 2824 1026 2882 multa
1041 2822 1124 2881 nobis
1138 2824 1241 2880 narret

232 2912 382 2970 mirabilia
413 2912 448 2970 (16
478 2911 656 2971 animalibus
684 2911 893 2988 lapidibusque
925 2931 1019 2971 novae
1046 2912 1136 2969 lunae
1164 2911 1243 2968 diem

233 3000 457 3075 venerantibus,
485 3001 591 3077 quibus
618 3000 761 3060 absolutis
784 3019 894 3058 novum
916 3000 1083 3078 ingreditur
1103 3000 1161 3058 iter
1184 2999 1242 3058 dis-

233 3093 379 3168 putatque
404 3088 423 3165 §
444 3092 482 3148 12
508 3090 543 3147 de
567 3089 733 3148 substantia
757 3092 787 3148 et
809 3088 1014 3166 magnitudine
1033 3089 1126 3165 ipsius
1144 3092 1241 3147 terrac

235 3179 388 3254 satellitis,
417 3179 494 3237 unde
524 3199 578 3255 per
606 3178 737 3256 singulas
766 3179 855 3237 lunae
886 3177 989 3254 φάσεις
1017 3177 1055 3236 ad
1081 3175 1242 3254 νεομηνίαν

232 3269 260 3326 h.
292 3290 315 3329 6.
349 3268 497 3327 Kalendas
529 3267 614 3326 redit.
665 3266 684 3342 ἓ
709 3268 749 3326 13
781 3269 849 3343 post
879 3266 1029 3325 Kalendas
1061 3267 1244 3324 tractaverat

234 3357 336 3422 Nonas
369 3376 485 3433 quoque
519 3358 548 3414 et
578 3355 662 3430 Idus,
699 3355 781 3414 cuius
818 3355 1032 3431 disquisitionis
1063 3354 1243 3430 paucissima

235 3449 395 3521 supersunt
417 3443 520 3520 verba,
544 3445 648 3504 deinde
668 3463 698 3502 se
718 3445 864 3504 convertit
883 3443 921 3502 ad
939 3444 1064 3522 triginta
1082 3443 1153 3519 dice,
1177 3443 1242 3519 qui·

233 3534 290 3592 bus
312 3535 420 3703 m(e§nsis
433 3534 636 3699 )componitur,
665 3536 835 3609 tractatque
858 3535 997 3591 naturam
1019 3533 1134 3591 numeri
1156 3533 1243 3590 trice-

235 3621 313 3680 narii
391 3625 453 3680 14.
