2790 4214
533 283 643 338 LIBER
660 282 813 340 TERTIUS
1133 285 1178 350 55

157 447 338 532 διχότομος
369 441 470 524 αὖθις
499 446 705 534 ἀμφίκυρτος
737 443 837 524 αὖθις
869 449 1045 532 μηνοειδής
1076 442 1177 528 αὖθις
1190 462 1218 517 X

158 555 355 639 <σύνοδος>.
397 553 503 641 ἕτεροι
522 550 559 619 δὲ
577 553 694 620 ἕνδεκα
713 557 860 639 σχήματα
879 549 964 620 εἶναι
983 555 1176 639 βούλονται·

159 663 243 743 μετά
275 663 338 747 γάρ
370 663 431 746 τήν
467 662 614 727 σύνοδον
647 660 831 747 ἀριθμοῦσι
862 660 918 726 καὶ
950 662 1011 745 τήν
1042 661 1175 748 γένναν,

161 767 243 833 ὅταν
266 771 346 851 μιάν
370 778 492 854 μοῖραν
514 768 639 854 ἀποστῇ
663 767 683 851 ή
707 770 828 851 σελήνη
851 777 912 834 τοῦ
934 767 1041 851 ήλίου.

103 881 221 952 RrIIL9
271 875 321 939 13.
340 877 404 951 Τδις
422 878 539 941 τοίνυν
556 873 728 951 Καλίνδας
746 876 791 951 ὡς
810 873 966 960 ἐλέγομεν
985 867 1038 940 οἷα
1057 899 1174 960 νεομη-
1201 899 1215 939 τ

159 985 238 1047 νίαν
262 980 419 1067 ἐτίμησαν
438 981 604 1066 Ῥωμαῖοι,
633 983 713 1065 μετά
737 977 774 1046 δὲ
801 982 922 1058 τούτοις
951 981 1093 1066 καθεξῆς
1115 984 1174 1060 τάς

159 1090 292 1172 Νάνας,
315 1087 472 1153 καὶκατὰ
493 1093 610 1174 τρίτην
629 1086 722 1165 τάξιν
745 1089 803 1164 τάς
821 1088 954 1164 Είδούς.
990 1091 1174 1175 τρίμορφος

159 1192 221 1278 μὲν
243 1197 307 1281 χάρ
330 1194 350 1279 ή
375 1205 431 1279 τής
449 1193 595 1278 Ἑκάτης,
617 1195 691 1277 ήτοι
714 1203 771 1276 τής
790 1196 950 1278 Σελήνης,
975 1194 1128 1279 δύναμις·
1154 1196 1172 1261 6

159 1304 223 1388 νάρ
242 1300 412 1367 Ἀπόλλων
435 1300 472 1365 ἐν
494 1299 587 1387 ήλίῳ,
609 1309 708 1365 τοῦτο
728 1299 844 1383 Ἕιιάτη
869 1299 906 1365 ἐν
929 1303 1059 1385 σελήνη.

104 1421 139 1470 10
229 1408 279 1472 14.
297 1405 368 1471 Ὅτι
396 1406 413 1472 6
441 1407 618 1492 τριάκοντα
645 1405 789 1491 ἀριθμὸς
817 1406 1044 1489 φυσικάτατός
1071 1405 1170 1492 ἐστιν,
1184 1424 1266 1478 XYS

158 1512 264 1601 δχάρ
288 1512 325 1578 ἐν
352 1513 472 1597 μονάσι
500 1513 608 1598 τριάς,
636 1521 734 1577 τοῦτο
759 1510 796 1576 ἐν
823 1513 937 1578 δεκάσι
964 1515 1171 1599 τριακοντάς·
1186 1544 1212 1582 11

157 1619 228 1685 ἐπεὶ
250 1617 305 1684 καὶ
329 1619 347 1685 6
365 1629 426 1684 τοῦ
448 1619 551 1703 μηνὸς
574 1618 695 1693 κύκλος
722 1616 922 1701 συνέστηκεν
945 1617 980 1683 ἐκ
1002 1621 1172 1706 τεσσάρων
1185 1637 1212 1690 Y

156 1737 224 1791 τῶν
247 1724 312 1790 ἀπὸ
335 1727 481 1809 μονάδος
504 1723 576 1808 ἑξής
598 1725 824 1811 τετραγώνων,
848 1723 877 1789 α’
901 1723 930 1790 δ
953 1723 988 1790 θ’
1012 1723 1063 1809 ις’,
1087 1726 1171 1793 ὅθεν

158 1831 219 1897 οὐκ
241 1832 305 1898 ἀπὸ
335 1841 460 1898 σκοποῦ
483 1830 696 1919 Ἡράκλειτος
723 1832 842 1914 χενεάν
868 1833 928 1897 τὸν
955 1841 1042 1917 μήυα
1068 1839 1169 1901 καλεῖ.

91 1949 162 2005 11
226 1938 276 2004 15.
303 1941 399 2004 Μετδι
427 1935 464 2003 δὲ
490 1941 548 2015 τάς
574 1937 748 2015 Καλίνδας
775 1938 971 2025 εὑρίσκομεν
997 1945 1170 2026 πολλαχῶς
1183 1957 1210 2011 X

156 2047 216 2112 τὸν
238 2048 362 2132 χρόνον
384 2046 588 2132 διαιρεῖσθαι
611 2048 659 2122 είς
686 2047 791 2112 αἰῶνα
814 2048 861 2124 είς
884 2049 1007 2133 χρόνον
1030 2049 1077 2124 είς
1099 2072 1169 2113 και·
1184 2077 1210 2116 16

157 2155 218 2239 ρὸν
241 2154 288 2230 εἰς
307 2152 468 2218 ἐνιαυτόν.
510 2153 593 2218 αἰὼν
615 2156 732 2217 τοίνυν
755 2150 847 2217 ἐστὶν
869 2155 1004 2239 ἀπειρός
1029 2177 1079 2230 τις
1101 2166 1169 2219 τῶν
1182 2172 1241 2226 ΧΗ

156 2260 323 2345 οὐρανίαν
351 2260 510 2343 στομάτων
537 2262 752 2345 περιπόλησις
779 2258 799 2344 ή
828 2259 931 2324 αὐτοῦ
958 2269 1019 2325 τοῦ
1046 2261 1169 2338 παντὸς

154 2367 302 2453 ούρανοῦ
325 2367 486 2450 παντελής
504 2365 734 2450 ἀνακύκλησις,
758 2368 877 2452 χρόνος
901 2362 938 2430 δὲ
956 2365 976 2449 ή
996 2365 1028 2444 ἐξ
1048 2368 1168 2445 αἰῶνος

153 2473 308 2560 ἀόριστος
339 2475 476 2548 ἔκτασις.
521 2473 623 2558 ταύτη
655 2471 710 2537 καὶ
741 2475 875 2558 Κρόνος
906 2483 982 2550 παῖς
1011 2473 1167 2559 Οὐρανοῦ
1181 2492 1208 2545 Χ

154 2579 295 2663 λέγεται·
324 2580 341 2646 6
365 2581 428 2666 γὰρ
456 2581 576 2665 χρόνος
603 2578 728 2644 ἐκτῶν
754 2589 815 2645 τοῦ
834 2578 981 2666 οὐρανοῦ
1004 2582 1168 2664 κινήσεσιν
1181 2611 1206 2650 ει

153 2689 313 2772 πρόεισιν.
359 2687 442 2751 ὥστε
470 2688 586 2772 καιρός
613 2685 681 2752 ἐστι
709 2688 832 2771 χρόνου
859 2686 1081 2772 παράδειγμα,
1110 2686 1166 2752 καὶ

153 2793 214 2858 οὐκ
237 2793 336 2868 αὐτὸς
359 2792 376 2858 6
398 2794 525 2877 χρόνος.

2 2944 3 2993 3
97 2909 225 2967 deesth
250 2900 300 2963 16.
321 2896 392 2963 Ὅτι
415 2897 567 2985 διαφέρει
594 2903 730 2983 μεγίστη
757 2898 1018 2976 ἀποκατάστασις
1041 2903 1198 2977 τελείαςε

150 3007 311 3092 περιόδου
325 3013 371 3092 τῷ
389 3005 450 3088 τήν
463 2993 525 3088 μὲν
543 3005 809 3070 ἀποκατάστασιν
827 3005 890 3072 ἀπὸ
905 3016 965 3072 τοῦ
984 3006 1089 3072 αὐτοῦ
1108 3023 1164 3090 ση-
1177 3036 1205 3076 25

39 3251 43 3260 ,
221 3218 245 3253 v.
262 3204 278 3252 λ
296 3197 428 3252 lacunam
445 3195 606 3251 litterarum
624 3213 672 3251 sex
690 3197 738 3266 (A)
755 3197 800 3251 vel
820 3197 917 3252 decem
935 3199 1033 3269 (B)X‚
1056 3198 1163 3251 inserta

150 3286 217 3324 voce
235 3269 340 3339 πλήρης
358 3267 481 3340 explevit
499 3268 559 3334 δολί,
578 3268 737 3342 (σύνοδος)
753 3267 804 3323 Gu.
818 3268 898 3324 Kmll
971 3275 986 3322 ό
1005 3267 1163 3338 νουμηνίαν

151 3342 182 3394 Χ
276 3347 309 3395 10
332 3338 374 3394 δτι
402 3338 495 3410 (omis¹
521 3340 563 3408 X)
595 3339 610 3394 6
637 3338 788 3408 τριάκοντα
806 3372 842 3381 -
861 3347 893 3394 11
916 3339 1084 3407 τριακοντάς
1107 3341 1166 3396 XS

152 3418 185 3466 14
203 3415 267 3482 post
281 3415 360 3466 καλεῖ
374 3411 494 3466 OEFG
512 3409 543 3464 in
560 3410 687 3481 margine
704 3410 824 3465 addunt:
844 3413 892 3466 καὶ
907 3411 934 3466 οἱ
948 3409 998 3480 μὲν
1012 3413 1164 3481 χραμμικοὶ

150 3489 264 3572 ᾶβχδ
285 3501 335 3556 τὸν
357 3497 426 3554 δέκα
449 3508 625 3568 σννιστῶσιυ,
651 3499 678 3553 οἱ
697 3497 728 3553 δὲ
747 3499 803 3553 ἀπὸ
821 3499 927 3554 τούτων
945 3499 1027 3571 κύβοι
1049 3506 1068 3555 ἃ
1089 3507 1108 3572 ή
1131 3505 1165 3568 κζ

149 3579 185 3656 ξδ
202 3588 251 3644 τὸν
269 3594 288 3654 ρ
304 3598 434 3644 ποιοῦσιν
509 3594 539 3642 17
560 3588 630 3643 αίόιν
648 3585 681 3642 δέ
695 3586 769 3641 ἐστιν
783 3618 816 3626 -
832 3592 866 3640 20
885 3586 993 3651 ἕκτασις
1005 3589 1041 3644 Η
1056 3589 1075 3646 f.
1091 3596 1163 3644 161*

151 3667 184 3715 18
203 3657 393 3732 περιπόλησις]
407 3656 556 3728 περίληψις
568 3660 603 3713 Η
669 3664 702 3712 19
721 3657 738 3727 ἡ
754 3656 832 3712 omis.
847 3658 882 3712 H
943 3665 978 3715 20
997 3659 1121 3725 ἔκστασις
1134 3663 1164 3716 A
