2788 4222
218 341 357 396 LXXXVI
620 340 824 396 PRAEFATIO

220 528 296 585 quae
320 509 393 568 adeo
417 510 586 568 contractae
610 511 688 583 sunt,
710 512 746 567 ut
763 509 795 567 iu
812 509 858 568 his
878 509 1061 586 singulorum
1079 509 1228 586 fragmen-

218 601 317 657 torum
339 617 461 672 nerum,
489 599 587 673 qualis
611 598 760 674 quondam
782 598 885 672 fuerit,
912 597 1052 656 resarcire
1079 600 1227 674 temptan-

219 687 299 746 tibus
329 687 545 762 desperandum
573 687 620 745 sit,
665 686 720 745 hoc
748 686 843 746 solum
876 705 1050 763 cognoscere
1081 686 1163 762 licet,
1195 686 1226 744 in

219 775 346 852 singulis
375 775 525 834 mensibus
554 774 633 833 idem
662 775 723 834 fere
753 775 831 850 quod
859 773 964 834 Graeci
993 778 1102 834 vocant
1131 783 1227 854 σχῆμα

220 864 277 923 sibi
304 863 492 940 proposuisse
518 862 725 938 Laurentium,
751 866 871 939 praeter
896 864 973 922 illud
1000 867 1100 922 autem
1127 883 1226 922 ercur-

220 952 304 1011 rendi
333 952 409 1010 mori
438 952 525 1011 nimis
555 952 719 1012 indulsisse.
764 951 870 1028 incipit
901 954 979 1010 eu'im
1008 953 1180 1028 plerumque
1209 971 1228 1010 a

217 1041 344 1116 nomine,
361 1040 439 1099 unde
458 1041 553 1100 dictus
571 1041 611 1100 sit
629 1041 737 1099 mensis
757 1041 882 1116 quisque
902 1037 988 1118 (ὅθεν
1007 1038 1056 1099 καὶ
1073 1039 1152 1112 ὅπως
1170 1038 1226 1118 τὴν

216 1129 416 1209 προσηγορίαν
436 1128 533 1189 αὐτῶν
551 1125 670 1201 ἕκαστος
688 1129 791 1206 allana
813 1149 841 1205 p.
863 1130 912 1205 18,
928 1121 972 1210 4),
996 1128 1020 1187 si
1039 1130 1115 1188 forte
1134 1147 1152 1186 a
1171 1129 1225 1187 deo

217 1219 386 1294 appellatus
410 1221 468 1293 ost,
497 1221 667 1277 tractantur
689 1218 769 1276 illius
796 1221 904 1276 natura
927 1217 1047 1276 nomina
1075 1216 1173 1293 signa,
1201 1216 1227 1274 si

220 1306 257 1366 ab
280 1307 468 1383 imperatore,
495 1325 541 1366 res
565 1306 602 1365 ab
626 1326 660 1366 eo
683 1309 792 1384 gestae.
839 1307 965 1364 alterum
989 1309 1046 1380 est,
1068 1308 1103 1363 ut
1126 1304 1227 1381 singu-

217 1397 315 1456 lorum
337 1397 482 1454 mensium
505 1416 540 1453 ex
563 1395 664 1454 ordine
688 1396 895 1454 enumerentur
917 1393 1009 1454 feriae
1032 1395 1062 1452 et
1080 1392 1225 1452 describa-

221 1487 279 1561 tur,
302 1485 444 1561 quidnam
466 1485 553 1543 iniis
576 1484 731 1543 observare
750 1483 892 1542 Romanis
914 1483 1005 1542 fuerit
1023 1483 1145 1542 solitum
1163 1474 1227 1563 (καὶ

221 1573 294 1654 ὅπερ
317 1565 389 1632 καθ’
410 1570 530 1633 ἕκαστον
554 1571 651 1632 αὐτῶν
673 1577 734 1643 τοῖς
748 1564 901 1649 Ῥωμαίοις
922 1571 1012 1632 πάλαι
1030 1569 1227 1652 παρατὲτήρη-

216 1684 263 1722 ται
291 1654 385 1744 ibid).
430 1665 550 1737 praeter
578 1662 632 1720 has
662 1663 762 1719 autem
792 1661 865 1720 duas
895 1680 942 1720 res
972 1661 1028 1719 sibi
1059 1662 1227 1719 constantes

216 1752 300 1810 nulla
327 1753 372 1809 est
400 1769 517 1826 norma,
545 1769 634 1827 qnam
662 1752 804 1825 sequatur
826 1748 939 1825 Lydus,
967 1749 1019 1808 sed
1044 1748 1076 1807 in
1103 1747 1227 1825 reliquis

217 1838 388 1898 ordinandis
424 1840 556 1898 Fortuna
592 1838 770 1897 dominatur.
825 1839 866 1897 sic
901 1837 989 1896 modo
1025 1838 1227 1897 Romanorum

215 1947 311 1987 moros
330 1931 433 1986 narrat
449 1926 636 2001 Laurentius,
660 1945 786 2002 quorum
808 1926 881 2001 fata,
905 1926 930 1984 si
948 1926 1010 1984 ulla
1028 1926 1145 1985 ratione
1163 1925 1228 1984 fieri

216 2018 324 2092 potest,
342 2016 411 2075 inde
430 2034 447 2073 a
466 2016 646 2091 temporibus
665 2015 835 2073 fabularum
852 2033 945 2091 usque
960 2014 999 2073 ad
1012 2033 1097 2074 suam
1115 2015 1227 2073 tractat

217 2107 362 2179 aetatem,
391 2105 504 2164 vocatis
534 2104 565 2162 in
595 2104 847 2180 comparationem
874 2103 1057 2178 reliquarum
1084 2103 1227 2180 gentium,

216 2194 362 2270 imprimis
392 2193 543 2269 Lydorum
574 2193 765 2270 popularium
795 2211 915 2252 suorum
946 2191 1106 2266 institutis,
1138 2190 1226 2250 modo

218 2283 397 2343 Graecorum
420 2283 594 2360 religionem
617 2300 707 2340 unam
726 2283 756 2340 et
775 2281 901 2340 alteram
920 2281 1049 2356 explicat
1068 2280 1227 2339 secundum

216 2371 502 2450 mythographorum
539 2373 568 2430 et
604 2371 848 2446 philosophorum
884 2369 1034 2430 doctrinas
1070 2368 1227 2445 physicas3

216 2462 304 2522 modo
332 2461 484 2520 occasione
512 2460 584 2518 data
612 2459 737 2535 pusillas
766 2459 912 2535 quasdam
939 2479 954 2517 e
980 2457 1140 2516 Caesarum
1162 2456 1227 2516 vita

218 2549 365 2624 depromit
387 2549 518 2623 fabulas,
545 2547 633 2607 modo
656 2547 806 2606 mirabilia
833 2548 935 2622 aliqua
959 2567 974 2606 e
996 2566 1096 2605 rerum
1118 2548 1227 2603 natura

217 2639 306 2713 petit,
334 2641 387 2696 aut
414 2637 529 2696 dierum
557 2635 787 2714 significationes
816 2636 1042 2708 astronomiam,
1071 2629 1226 2693 stellarum

218 2728 299 2784 ortus
331 2728 361 2783 et
389 2743 508 2784 occasus
536 2724 689 2801 coniungit
712 2743 778 2782 cum
800 2725 932 2782 tractatu
953 2723 1128 2800 philosopho
1154 2741 1224 2798 poe-

218 2817 319 2872 tarum
346 2814 500 2872 sententiis
529 2814 642 2871 ornato.
693 2812 775 2870 vides
802 2812 895 2888 igitur
923 2831 958 2869 ex
984 2811 1044 2886 his,
1071 2811 1229 2870 materiam

217 2901 288 2961 libri
311 2903 410 2978 quarti
433 2902 468 2960 de
491 2899 640 2959 mensibus
663 2900 792 2974 Lydiani
820 2901 892 2958 adeo
920 2901 1036 2960 variam
1062 2899 1165 2974 fuisse,
1193 2901 1228 2957 ut

218 2992 327 3051 mirum
349 2991 484 3064 nonsit,
513 2989 591 3066 quod
617 2989 747 3064 plurima
769 2989 865 3065 perire
893 2989 974 3066 passi
996 2990 1057 3048 sint
1085 2990 1228 3065 epitoma·

218 3084 311 3154 toroS,
340 3097 467 3155 quorum
494 3078 586 3136 animi
609 3078 771 3137 secundum
796 3077 918 3138 illorum
940 3081 1106 3154 temporum
1129 3077 1229 3136 studia

220 3170 316 3248 magis
338 3167 449 3226 intenti
472 3169 557 3226 erant
575 3166 606 3224 iu
630 3166 801 3242 sequiorum
818 3167 1061 3243 philosophorum
1079 3167 1229 3225 doctrinas

221 3278 311 3334 quam
328 3258 361 3316 in
379 3257 580 3316 Romanorum
598 3255 817 3330 antiquitatem.
849 3254 911 3314 iam
928 3275 998 3314 vero
1016 3275 1110 3313 unum
1128 3273 1228 3330 super-

220 3349 265 3405 est
292 3349 488 3420 momentum,
520 3363 578 3420 quo
608 3343 655 3403 usi
685 3345 829 3419 quantum
858 3344 1042 3404 interciderit
1072 3344 1229 3402 aestimare

220 3435 376 3510 possimus.
422 3435 540 3494 servata
564 3433 643 3491 enim
666 3451 728 3491 essa
751 3432 937 3492 meminimus
960 3433 1029 3491 libri
1052 3433 1153 3508 quarti
1171 3433 1230 3491 duo

220 3524 293 3582 folia
316 3523 432 3600 integra
456 3543 471 3581 e
496 3522 593 3582 codice
618 3520 771 3581 (laseolino
796 3519 820 3581 Ο
844 3521 959 3596 avolsa,
982 3521 1088 3597 quibus
1111 3524 1230 3580 centum

222 3615 252 3671 et
283 3611 438 3687 sexaginta
468 3611 652 3686 complentur
681 3610 819 3670 editionis
851 3630 965 3684 versus,
996 3610 1103 3668 horum
1130 3612 1230 3668 autem

169 3754 174 3763 .
220 3720 274 3776 per
297 3702 500 3775 excerptorum
523 3699 636 3758 codices
663 3698 822 3758 traduntur
848 3699 956 3776 viginti
979 3697 1095 3757 circiter
1118 3701 1148 3757 et
1170 3716 1231 3771 sex,
