2788 4222
212 229 303 284 XXIV
612 227 816 284 PRAEFATIO

211 395 395 470 fluminibus,
426 395 482 454 ino.
516 393 531 457 d
564 395 660 476 ἴστρος
692 392 707 456 ὁ
738 393 867 473 ποταμός
898 395 918 452 f.
947 396 1036 455 442¹.
1082 393 1223 470 anonymi

212 485 412 562 fragmentum
440 484 476 542 de
506 484 626 544 bisexto‘
651 480 771 562 (τὸτοῦ
799 475 945 564 pacificos)
973 483 993 542 f.
1017 485 1106 542 443¹.
1153 501 1222 543 ano·

212 571 297 650 nymi
327 575 489 632 tractatum
521 573 557 633 de
590 573 781 652 generatione
812 576 843 632 et
875 571 1062 648 corruptione
1095 571 1222 631 hominis

212 658 258 739 (τὸ
280 658 394 741 σπέρμα
421 658 453 721 ἕν
479 671 516 746 τῇ
543 654 650 744 μήτρᾳ)
679 661 699 720 f,
723 663 815 721 443'.
860 660 1031 726 Aristotelis
1059 663 1089 718 et
1116 659 1223 719 Galeni

211 751 379 828 fragmenta
402 749 438 808 de
460 750 604 826 metallis,
633 769 709 827 quae
730 749 918 826 reperiuntur
939 749 971 807 in
995 748 1092 824 Cypro
1114 748 1222 822 insula,

211 839 232 897 f.
247 833 344 899 444⁹
358 838 436 898 unde
454 841 587 915 apparet,
609 840 758 898 mutatum
776 857 838 898 esse
857 837 889 895 in
906 838 962 898 hoo
976 836 1075 897 codice
1090 837 1223 897 ordinem

211 927 445 1005 fragmentorum
468 945 486 986 a
509 927 632 1004 reliquis
656 930 806 987 servatum
829 928 858 984 et
886 927 995 986 omissa
1022 944 1058 986 ea
1085 945 1161 1002 quae
1184 926 1220 984 de

212 1013 376 1076 Octaviano
412 1016 548 1094 Augusto
584 1018 756 1089 narrantur3
798 1018 928 1075 ceterum
963 1017 1064 1074 tamen
1100 1033 1221 1091 prorsus

211 1123 278 1164 cum
299 1103 337 1164 iis
361 1122 434 1180 quos
456 1105 543 1165 modo
567 1104 803 1164 enumeravimus
826 1103 974 1163 codicibus
998 1103 1152 1163 consentit.

278 1194 306 1252 6.
342 1192 528 1252 Parisinus
569 1211 718 1272 graecus
752 1195 836 1253 1766
874 1193 1045 1252 chartaceus
1078 1210 1099 1251 s.
1131 1191 1219 1250 XVII
1339 1255 1340 1260 γ

210 1282 230 1340 f.
254 1276 319 1342 434
349 1282 452 1341 eadem
480 1281 613 1342 continet
642 1300 718 1359 quae
746 1282 814 1340 Par.
841 1301 883 1360 gr.
914 1283 1012 1356 1310,
1041 1300 1056 1340 e
1085 1299 1143 1357 quo
1172 1299 1220 1340 ex·

211 1370 338 1446 scriptus
362 1373 414 1431 est.

275 1458 376 1535 Atque
399 1459 472 1518 haec
493 1459 555 1518 iam
577 1458 741 1534 sufficiant,
765 1458 901 1534 quamvis
924 1457 1034 1516 infitias
1058 1475 1214 1532 moneam,

209 1547 340 1606 eiusdem
358 1548 473 1626 generis
492 1552 611 1624 praeter
627 1548 681 1607 hos
700 1548 845 1624 plurimos
860 1549 960 1606 extare
978 1546 1010 1604 in
1027 1546 1212 1606 bibliothecis

210 1636 335 1711 codices,
367 1655 495 1713 qnorum
525 1637 684 1713 praecipue
711 1636 734 1694 ii
765 1636 797 1694 in
829 1653 949 1695 censum
980 1636 1051 1694 sunt
1081 1634 1214 1710 vocandi,

210 1743 284 1800 quos
310 1724 515 1783 Krumbacher
541 1725 647 1784 attulit
672 1724 692 1782 l.
716 1742 752 1799 s.;
784 1723 844 1783 illis
877 1724 968 1782 etiam
994 1723 1213 1784 Laurentianus

208 1812 285 1888 plut,
307 1811 351 1870 IV
372 1815 412 1873 10
435 1830 457 1871 s.
478 1812 521 1870 XI
543 1813 694 1872 addendus
718 1815 772 1886 est,
795 1811 831 1871 de
854 1830 914 1887 quo
933 1812 1101 1871 accuratius
1120 1831 1215 1888 nuper

208 1899 328 1958 rettulit
349 1900 511 1976 Rostagnq
535 1901 623 1960 Studi
645 1901 710 1959 ital.
733 1900 764 1959 di
786 1899 904 1960 filei-v
925 1920 954 1976 p.
975 1903 1047 1975 100,
1071 1900 1124 1976 qui
1147 1899 1214 1958 inde

209 1988 265 2047 af.
286 1989 366 2049 300r
389 1988 507 2047 exhibet
528 1991 675 2048 tractatus
698 1989 734 2047 de
752 1988 875 2064 bisexto,
900 1988 935 2048 de
956 1989 1146 2066 generatione
1164 1989 1214 2047 ho-

208 2076 305 2153 minis,
320 2077 356 2136 de
370 2079 514 2153 quattuor
527 2077 659 2153 paradisi
672 2077 854 2152 fluminibus,
868 2076 903 2136 de
914 2076 1027 2154 origine
1036 2077 1215 2136 indictionis.

208 2164 260 2226 sed
283 2165 318 2224 de
341 2166 397 2225 hoo
420 2165 626 2242 similibusque
654 2165 815 2240 codicibuS,
844 2184 918 2242 quos
941 2165 1005 2241 ipse
1028 2184 1087 2224 non
1110 2165 1217 2240 evolvi,

211 2255 287 2314 nihil
310 2255 439 2331 amplius
462 2273 530 2314 sum
552 2255 717 2314 additurus.

85 2379 124 2409 re
160 2379 187 2408 a·
276 2343 381 2420 Neque
403 2363 473 2404 vero
501 2344 659 2403 coniuncta
685 2362 800 2420 semper
827 2343 989 2402 traduntur
1014 2343 1088 2402 haee
1110 2343 1219 2420 capita,

74 2433 87 2462 ⁰
125 2433 165 2464 ⁸⁰¹
177 2433 196 2462 ⁰·
211 2432 262 2491 sed
288 2432 439 2492 interdum
464 2452 560 2491 unum
592 2433 755 2492 alterumve
788 2433 922 2492 avolsum
949 2433 979 2490 et
1006 2433 1219 2506 separatuma

209 2520 333 2596 reliquis
361 2521 523 2598 reperitur,
555 2521 587 2579 id
618 2521 699 2597 quod
731 2521 849 2596 saepius
877 2520 977 2579 evenit
1003 2519 1220 2594 computationi

209 2608 255 2667 illi
278 2608 393 2668 dierum
415 2609 602 2687 singulorum
625 2629 640 2667 e
660 2609 801 2668 Kalendis
820 2608 915 2668 Nonis
933 2606 1036 2666 Idibus
1053 2607 1220 2683 institutae,

210 2696 259 2756 cui
281 2696 447 2755 inscribunt
467 2695 533 2773 περὶ
556 2694 703 2777 pacificos,
725 2717 802 2774 quae
826 2716 849 2754 e.
873 2716 901 2774 g.
924 2695 1093 2772 praemissis
1116 2695 1219 2771 paucis

209 2785 270 2844 illis
302 2785 338 2843 de
364 2785 502 2863 Augusto
533 2789 562 2845 et
590 2786 756 2862 Septembri
783 2785 933 2844 mensibus
960 2784 1025 2844 sola
1050 2784 1161 2862 legitur
1188 2784 1220 2842 in

210 2873 308 2934 codice
327 2872 528 2934 Laurentiano
548 2872 659 2950 LVHI,
679 2877 721 2933 24
741 2893 816 2934 saec.
833 2873 905 2933 XIV
927 2873 947 2933 f.
965 2875 1056 2949 126',
1080 2892 1169 2948 quem
1187 2873 1219 2930 in

209 2981 298 3023 usum
329 2982 428 3021 meum
458 2963 584 3040 benigne
615 2963 744 3040 inspexit
773 2963 900 3023 Ioannes
933 2961 1068 3022 Graeven
1097 2961 1217 3020 amicus.

209 3051 261 3112 sed
284 3070 352 3111 cum
373 3051 453 3110 hunc
479 3054 643 3111 mactatum
668 3053 803 3128 plerique
831 3051 943 3111 codices
971 3070 1031 3110 non
1058 3070 1094 3110 ex
1117 3050 1220 3110 eodem

209 3142 292 3201 fonte
323 3140 516 3217 repetiverint
548 3160 563 3198 e
596 3158 655 3217 quo
679 3141 718 3216 R,
745 3141 835 3200 immo
867 3140 1017 3216 pendeant
1048 3159 1083 3198 ex
1110 3157 1145 3198 ea
1174 3157 1219 3196 re·

209 3230 345 3289 censione
371 3228 441 3287 libri
468 3228 596 3305 Lydiani
624 3246 715 3304 quam
743 3228 869 3288 confecit
890 3228 1038 3287 Maximus
1060 3226 1218 3302 Planndes,

209 3336 269 3377 non
290 3318 352 3395 hic,
375 3317 426 3377 sed
447 3318 539 3394 paulo
562 3317 640 3376 infra
668 3319 704 3377 de
731 3318 791 3376 illis
819 3317 968 3377 codicibus
996 3315 1112 3376 dicendi
1135 3317 1217 3375 locus

209 3406 274 3465 erit.
306 3407 362 3466 hoo
380 3408 500 3465 tantum
517 3425 635 3466 monere
654 3406 751 3484 liceat,
770 3406 889 3481 saepius
913 3406 1046 3465 virorum
1063 3405 1218 3464 doctorum

210 3494 387 3554 coniecturis
410 3499 441 3555 et
464 3495 637 3556 correcturis
659 3496 750 3555 huius
777 3496 925 3555 mactatus
953 3493 1044 3553 verba
1072 3497 1101 3552 et
1129 3501 1218 3552 enun-

208 3583 354 3641 tiatorum
374 3584 618 3661 compositionem
640 3585 714 3645 adeo
736 3586 855 3644 mutata
878 3601 949 3660 esse,
972 3586 1007 3642 nt
1024 3581 1220 3642 Laurentium
