2790 4214
538 299 646 353 arana
664 299 784 352 Annua
1123 301 1165 365 27

157 487 253 547 νημα.
290 461 344 527 καί
362 465 469 528 πολλά
488 464 530 528 ἀν
547 486 597 540 τις
620 469 707 527 εἰποι
728 461 803 548 περὶ
821 473 879 547 τῆς
897 462 966 528 κατ’
990 470 1149 547 αἰσθησιν
1163 475 1220 528 XY

154 571 302 656 τριάδος,
325 568 380 634 καί
403 570 421 635 ὁ
446 571 575 654 σύμπας
597 572 718 654 κόσμος
743 569 778 634 ἐκ
796 581 898 655 τριῶν
916 571 1091 655 δυνάμεων
1109 588 1167 635 συ-

156 686 277 762 στῆναι
300 674 441 759 λέγεται,
474 675 694 761 ἀριθμητικῆς
725 686 944 762 γεωμετρικῆς
973 677 1166 762 ἁρμονικῆς·

156 783 176 866 ῆ
195 785 258 868 γάρ
278 784 379 866 νοητῆ
397 781 600 869 ὑπερβέβηκε
618 784 680 866 τῆν
693 791 866 868 παροῦσαν
884 782 1038 861 ἐξέτασιν.
1071 791 1166 868 ἰσμεν

156 891 229 975 γάρ,
256 890 305 954 ότι
328 889 348 972 ῆ
372 891 465 974 τριάς
488 891 549 973 τῆν
571 901 639 955 τῶν
660 893 766 955 θείων
788 891 935 976 πρόοδον
959 890 1088 974 ἐκίνησε
1110 889 1165 955 καί
1194 915 1206 954 5

156 997 273 1061 στάσιν
296 997 409 1073 αὐτοῖς
435 998 497 1080 τῆν
525 997 663 1063 αἰώνιον
690 996 910 1082 ἀπειργάσατο
939 997 976 1062 ἐν
1002 1006 1049 1085 τῷ
1076 998 1165 1086 αὐτῷ

156 1104 252 1187 είδει,
280 1104 324 1180 ὥς
347 1121 450 1188 φησιν
473 1103 491 1168 ὁ
516 1106 751 1188 Πυθαγόρειος
763 1102 923 1180 Ὤκελλος
947 1104 1067 1190 ῥῆμασι
1090 1106 1165 1170 τού-

154 1230 237 1286 τοις·
261 1209 297 1292 (ῆ
319 1211 413 1294 τριάς
435 1211 548 1294 πρώτη
573 1208 773 1294 συνέστησεν
794 1210 908 1295 ἀρχῆν,
931 1214 1091 1294 μεσότητα
1109 1209 1164 1276 καί

154 1317 331 1400 τελευτῆν.’
376 1317 396 1400 ῆ
421 1318 494 1401 γάρ,
507 1317 641 1401 περιττῆ
669 1314 724 1380 καὶ
745 1321 949 1401 περαίνουσα
975 1319 1085 1400 ἰσότης
1108 1319 1165 1400 δη-

154 1425 314 1508 μιουργός
347 1421 415 1488 έστι
442 1424 524 1487 κατά
551 1423 612 1505 τῆν
643 1424 852 1508 τετράγωνον
883 1424 1000 1507 φύσιν·
1032 1425 1070 1488 τὸ
1101 1426 1163 1509 γὰρ
1179 1448 1205 1486 10

154 1537 252 1595 θεῖον
270 1527 358 1615 τρισὶ
377 1531 508 1606 τούτοις
526 1533 803 1615 χαρακτηρίζεται,
825 1538 872 1617 τῷ
893 1529 1008 1618 έφετςό,
1030 1538 1077 1618 τῷ
1097 1532 1164 1595 ἰκα-

154 1644 212 1723 vui,
235 1645 281 1724 τῷ
303 1629 424 1723 τελείῳ.
462 1639 510 1701 ἔτι
533 1638 599 1721 μῆν
621 1634 676 1701 καί
699 1636 717 1701 ὁ
742 1636 779 1701 έν
804 1637 940 1724 Φαίδρςο
963 1638 1153 1722 Σωκράτης,
1168 1648 1216 1701 YS

153 1742 238 1807 ἀλλά
260 1744 326 1826 μὴν
348 1740 403 1806 καί
427 1741 444 1807 ὁ
465 1742 502 1807 έν
520 1745 681 1828 Πολιτείᾳ
698 1743 938 1827 παραδίδωσιν,
963 1744 1069 1809 ὅτιτὸ
1088 1768 1164 1829 νοη-

153 1849 213 1913 τὸν
235 1853 352 1934 τρίτην
373 1851 449 1914 τινά
472 1850 578 1934 φύσιν
602 1849 638 1914 έν
660 1857 706 1938 τῷ
731 1853 814 1937 θείω
837 1853 979 1915 τίθεται·
1007 1853 1162 1936 ἔστιγὰρ

152 1955 257 2021 αὐτοῦ
280 1941 402 2040 τὸμὲν
424 1955 607 2040 ἀκρότατον
630 1956 737 2040 οὐσία,
764 1957 802 2021 τὸ
826 1953 863 2020 δὲ
891 1954 993 2041 μέσον
1020 1961 1098 2042 ζωή,
1126 1959 1162 2023 τὸ
1178 1979 1203 2020 15

154 2058 191 2127 δί
214 2065 352 2147 ἔσχατον
379 2071 467 2139 νοῦς.
514 2061 583 2128 ἀλλ’
608 2069 686 2139 ἰσως
714 2061 782 2148 έρεῑ
807 2083 870 2140 τις·
902 2067 981 2128 ποία
1004 2069 1163 2130 κοινωνία

152 2179 222 2245 τοῖς
241 2171 414 2253 αἰσθητοῖς
431 2169 515 2254 πρὸς
533 2171 595 2252 τὴν
613 2170 737 2253 νοητῆν
755 2172 886 2255 τριάδα;
908 2169 1017 2236 ἰστέον
1035 2175 1162 2254 τοίνυν,

154 2275 204 2362 ὅτι
227 2286 315 2359 τρεῖς
337 2277 474 2360 τριάδας
501 2276 519 2341 ’ὁ
547 2279 683 2360 Τίμαιος
709 2279 932 2362 παραδίδωσι,
959 2275 1014 2341 καί
1037 2279 1162 2363 μάρτυς

153 2382 171 2446 ὁ
195 2384 349 2466 Πρόκλος
372 2381 409 2446 ἐν
435 2383 647 2448 ὑποτυπώσει
673 2392 730 2466 τῆς
754 2384 934 2460 Πλάτωνος
962 2388 1163 2468 φιλοσοφίας

152 2489 306 2573 φάσκων,
328 2488 396 2559 ,ὅτι
429 2488 449 2572 ῆ
484 2500 552 2554 τῶν
585 2501 715 2574 νοητῶν
753 2490 907 2575 ἀκρότης,
946 2492 1039 2575 τριάς
1077 2486 1161 2556 οὖσα
1175 2515 1201 2553 εο

152 2596 270 2679 νοητῆ,
302 2592 357 2660 καί
388 2596 492 2679 μονάς
515 2595 618 2661 ἐστιν·
649 2594 725 2672 ένάς
756 2598 819 2682 γάρ
851 2597 1030 2681 τυγχάνειν
1061 2598 1161 2663 δύνα-

151 2725 215 2786 ται,
239 2701 276 2766 έν
299 2700 397 2788 ἑαυτῆ
420 2704 482 2786 τῆν
504 2713 619 2768 πασῶν
643 2703 818 2787 δυνάμεων
840 2705 950 2769 αἰτίαν
968 2706 1088 2788 έχουσα
1106 2704 1161 2769 καί

222 2894 248 2929 v.
261 2882 275 2929 7
285 2876 410 2930 Mullaeh
422 2877 476 2931 hoe
489 2877 679 2948 fragmentum
693 2877 815 2932 Caecilio
831 2877 970 2932 adtribuit
984 2877 1116 2933 FPhGII
1127 2885 1159 2933 53

153 2953 186 3000 12
204 2947 286 3001 Plato
304 2948 422 3002 Phaedr.
442 2967 468 3017 p.
485 2949 571 3002 246A
644 2955 677 3002 13
696 2949 778 3019 Reap.
797 2968 824 3018 p.
840 2954 890 3002 511
901 2950 926 3002 A

221 3125 247 3162 v.
264 3115 278 3159 1
298 3109 347 3162 καί
365 3107 452 3161 πολλὰ
467 3139 502 3147 -
518 3114 533 3160 2
548 3108 662 3176 τριάδος
681 3109 782 3163 desunt
800 3110 829 3162 Y
907 3114 923 3160 3
942 3108 1049 3179 λέγεται
1063 3117 1160 3178 συστῆ-

151 3198 199 3232 ναι
218 3179 249 3231 Χ
331 3175 553 3250 4δπερβέβληκε
577 3181 606 3233 Y
679 3187 694 3234 6
714 3177 832 3235 αἰωνίαν
851 3181 881 3234 D
906 3183 909 3250 Ι
934 3190 971 3234 τῶ
990 3179 1106 3234 ἀκτωίδι
1124 3181 1159 3248 Α,

151 3258 188 3303 τῶ
202 3250 276 3303 ἀκτω
295 3247 335 3303 ίδι
349 3251 385 3318 Β,
403 3259 441 3303 τῶ
456 3251 531 3303 edrai
550 3250 618 3304 εἰδει
633 3252 662 3304 Y
712 3257 727 3304 7
747 3249 866 3314 κεκίλιος
880 3251 894 3305 ὁ
908 3249 1099 3320 πυθαηόρειος
1118 3251 1158 3322 Υῆ

151 3319 260 3383 όκελλος
279 3341 293 3375 ο
313 3320 502 3392 πυθαηόρειος
519 3321 555 3390 Α,
575 3319 589 3376 ὁ
608 3321 798 3393 πυθαηόρειος
819 3321 934 3384 ἀκελλος
952 3323 979 3376 Β
1060 3327 1077 3374 8
1096 3338 1160 3375 σνν-

151 3389 263 3460 έστηκεν
281 3393 309 3446 Β
334 3394 338 3462 Ι
367 3392 511 3446 artemia.
549 3394 581 3446 Χ
656 3401 689 3446 12
708 3391 807 3466 τελείῳ,
840 3393 949 3461 reliqua
971 3391 1054 3444 huius
1077 3409 1160 3461 para-

150 3462 251 3532 graphi
275 3462 470 3517 desiderantur
488 3465 519 3516 X
538 3467 542 3532 Ι
564 3462 606 3518 ότι
625 3462 640 3519 ὃ
659 3464 689 3520 ἐν
710 3462 821 3536 Φαίδρῳ
836 3495 868 3504 -
883 3482 910 3533 p.
926 3469 999 3531 28,2
1018 3462 1160 3534 περιέχον-

91 3567 93 3572 .
149 3533 236 3588 tarS
320 3541 352 3587 13
375 3535 406 3588 τὸ
430 3533 508 3588 omis.
531 3536 569 3587 M
652 3542 685 3589 14
711 3535 821 3603 τριττήν
850 3536 888 3588 M
905 3535 909 3607 ἰ
930 3533 986 3587 ἔστι
1013 3533 1077 3606 γάρ]
1105 3535 1160 3589 ἔστι

150 3603 199 3672 μέν
218 3606 247 3659 D
330 3611 363 3659 16
382 3603 440 3659 ἀλλ’
463 3605 528 3668 ἴσως
547 3638 580 3646 -
596 3613 628 3660 18
648 3605 823 3674 παραδίδωσι
842 3605 961 3660 01111σὸ
1040 3612 1072 3660 19
1091 3606 1160 3660 πλά-

149 3694 236 3738 τωνος
255 3673 356 3745 σοφίας
373 3677 404 3730 F
473 3682 507 3730 20
526 3678 627 3746 νοητὸν
646 3678 675 3730 D
