2788 4222
536 295 741 353 PRAEFATIO
1082 298 1146 356 XXI

134 463 328 539 mentionem,
351 465 454 524 statim
476 464 675 541 proferamus,
699 483 776 542 quae
799 465 835 524 de
858 485 892 526 eo
915 469 985 526 sunt
1012 466 1143 526 dicenda.

135 572 206 614 nam
226 556 345 631 praeter
368 571 416 629 ea,
445 571 521 629 quae
548 553 748 613 intercedente
771 554 870 614 codice
893 555 995 630 aliquo
1019 574 1143 632 apogra-

134 643 263 719 phorum
284 641 311 700 R
334 645 365 701 et
387 641 639 702 Tischendorfiani
659 642 805 718 persimili
832 644 870 703 ad
896 643 983 702 illum
1004 663 1143 719 pervene-

134 733 220 804 runt,
241 750 334 788 uuum
360 732 479 790 tantum
510 730 619 790 Suidse
650 733 818 808 excerptum
848 731 886 791 ad
908 732 1145 792 Laurentianum

134 819 244 880 librum
275 819 311 878 de
342 819 491 879 mensibus
522 819 641 879 videtur
670 819 775 880 redire.
794 851 800 893 ;
820 820 960 880 describit
991 821 1070 880 euim
1096 821 1144 881 bio

135 926 158 969 s.
180 929 207 967 v.
231 909 396 986 Μαϊονμᾶς
417 911 479 968 tres
500 908 610 968 veteris
632 908 704 968 anni
726 908 829 968 ferias:
856 909 1032 984 Maiumam,
1053 929 1144 986 pane·

134 995 270 1075 gyridem
292 997 408 1077 βρωτῶν
432 996 469 1057 ab
491 995 651 1056 Anastasio
674 997 854 1072 imperatore
877 997 1034 1073 sublatam,
1057 1017 1143 1058 canes

135 1085 316 1148 allemanie
339 1085 476 1162 Augusto
497 1104 598 1145 mense
625 1088 753 1146 necatos.
800 1086 941 1162 quoniam
971 1090 1071 1147 autem
1097 1087 1144 1146 his

134 1173 248 1233 duabus
279 1173 361 1233 feriis
393 1173 468 1233 nihil
500 1191 568 1233 cum
589 1174 723 1233 Maioma
754 1177 813 1249 est,
844 1177 880 1234 ut
912 1173 1022 1234 Suidae
1053 1175 1144 1235 verba

134 1263 326 1340 explicemus,
354 1280 505 1322 sumamus
533 1280 650 1322 necesse
678 1266 736 1337 est,
764 1281 812 1322 eas
840 1263 902 1322 iam
927 1263 961 1322 in
983 1283 1027 1338 eo,
1056 1283 1143 1340 quem

134 1351 264 1428 inspexit
284 1351 346 1424 ille,
369 1354 490 1411 auctore
514 1351 684 1411 coniunctas
707 1349 807 1410 baisse.
844 1354 875 1410 et
892 1351 930 1410 ab
948 1352 1004 1412 hcc
1023 1351 1144 1429 quidem

135 1444 255 1501 auctore
278 1439 445 1498 adhibitum
469 1457 531 1498 esse
554 1439 631 1516 Lydi
659 1440 833 1515 opusculum
859 1439 895 1499 de
922 1440 1071 1500 mensibus
1094 1440 1142 1499 de·

133 1530 318 1589 monstratur
354 1546 403 1602 eo,
444 1527 523 1604 quod
561 1526 640 1587 ratio
682 1527 865 1587 enarrandae
903 1528 1000 1588 caedis
1037 1546 1143 1588 canum

134 1616 283 1677 consentit
313 1634 381 1675 cum
410 1615 461 1689 iis,
497 1633 576 1692 quae
612 1616 692 1692 apud
723 1616 918 1676 Laurentium
948 1637 977 1693 p.
1003 1619 1080 1691 152,
1099 1619 1141 1676 22

133 1707 282 1783 legtmtur.
336 1704 528 1780 quamobrem
556 1703 640 1781 Lydo
673 1723 710 1764 ea
744 1724 864 1782 quoque
892 1705 1051 1765 tribuenda
1080 1723 1143 1766 esse

133 1793 221 1868 duri,
250 1811 327 1869 quae
357 1792 393 1852 de
420 1792 568 1854 Maiumae
598 1793 679 1853 feriis
702 1797 875 1854 narrantur:
908 1794 1035 1854 occurrit
1064 1795 1143 1855 enim

133 1881 284 1943 Maiumae
313 1901 421 1941 nomen
448 1902 477 1958 p,
510 1882 626 1956 133,2,
660 1881 712 1941 ubi
741 1882 814 1959 quid
843 1882 900 1942 sibi
928 1884 1023 1945 velint
1051 1883 1142 1942 feriae

133 1969 204 2030 illae
235 1990 296 2030 non
324 1970 386 2030 iam
414 1970 582 2048 legebatur3
619 1989 698 2030 nunc
726 1971 865 2030 lacunam
896 1990 912 2030 e
941 1970 1034 2031 Suida
1063 1973 1142 2032 recte

133 2059 302 2136 suppletam
325 2077 387 2120 esse
410 2077 505 2137 spero.
541 2079 638 2135 neque
656 2059 720 2119 veri
743 2062 788 2119 est
806 2059 957 2135 dissimile,
978 2061 1042 2135 illa,
1065 2079 1142 2137 quae

133 2148 170 2208 ds
192 2149 354 2224 Brytorum
376 2147 457 2208 feriis
480 2147 518 2207 ab
541 2147 701 2208 Anastasio
728 2148 906 2225 imperatore
925 2142 1144 2231 (491418)ι

134 2236 261 2297 sublatis
284 2239 387 2314 agunt,
409 2239 440 2296 et
458 2237 524 2313 ipsa
536 2236 698 2298 Laurentio
718 2256 780 2296 esse
798 2237 965 2311 tribuenda,
987 2256 1054 2296 oum
1071 2256 1141 2296 vero

134 2327 234 2385 nullus
266 2325 354 2385 hodie
386 2328 501 2386 amaret
532 2326 614 2385 locus
646 2325 718 2384 libri
746 2324 954 2400 Laurentiani,
985 2324 1037 2383 ubi
1067 2325 1143 2384 talia

133 2413 275 2474 excidisse
297 2417 423 2490 pateret,
452 2414 563 2474 rectius
591 2413 646 2473 illa
669 2414 834 2474 omittenda
857 2431 919 2474 esse
949 2413 1034 2472 duxi:
1062 2413 1142 2474 dicat

133 2503 213 2562 enim
235 2503 362 2563 fortasse
386 2503 548 2580 quispiam,
578 2520 613 2562 ea
643 2502 680 2562 ab
708 2503 812 2580 ignoto
841 2502 894 2563 illo
925 2505 1059 2578 auctore,
1089 2503 1142 2579 qui

132 2591 211 2652 inter
233 2591 353 2669 Lydum
374 2595 404 2652 et
427 2590 551 2651 Suidam
572 2591 747 2666 intercessit,
769 2590 872 2651 addita
894 2609 965 2651 esse.

200 2680 258 2740 Sed
279 2699 339 2740 nou
366 2682 464 2741 solum
491 2699 557 2755 eae,
587 2698 663 2756 quae
689 2680 820 2755 primum
847 2679 926 2757 quod
953 2679 1141 2740 distinximus
1169 2689 1260 2742 sunau

132 2772 224 2846 caput
252 2768 360 2829 codicis
387 2770 414 2829 s
443 2772 624 2846 componunt
654 2768 848 2848 paragraphi,
879 2769 912 2828 in
940 2769 1141 2845 compluribus
1155 2747 1293 2848 “iffi'‘

133 2857 283 2918 codicibus
313 2857 404 2917 medii
432 2858 498 2918 aevi
524 2860 659 2919 servatae
688 2858 773 2939 uobis
803 2860 886 2934 sunt,
917 2877 1021 2918 verum
1051 2850 1292 2918 effimueprompti.

133 2945 213 3005 haud
231 2964 326 3022 pauca
345 2966 456 3021 eorum,
479 2946 587 3024 quibus
607 2945 747 3022 quintum
765 2949 857 3024 caput
875 2945 1037 3021 conficitur,
1061 2947 1141 3024 frag·

132 3037 301 3095 mentorum
323 3053 339 3093 e
362 3035 438 3095 libro
456 3034 492 3094 de
510 3035 660 3095 mensibus
679 3035 922 3112 depromptorum
938 3035 971 3094 in
991 3035 1140 3094 nonnullis

132 3122 282 3183 codicibus
318 3124 451 3183 nondum
484 3123 644 3183 nominatis
679 3126 800 3184 exarata
834 3125 913 3182 sunt.
966 3124 1141 3200 plerumque

38 3282 41 3288 1
132 3215 235 3272 autem
256 3212 303 3271 his
325 3212 459 3289 reliquiis
483 3202 518 3272 ex
537 3211 653 3289 integro
672 3210 868 3271 Laurentiani
885 3211 982 3288 operis
1001 3212 1142 3270 contextu

133 3300 239 3361 solutis
267 3304 298 3360 et
325 3301 388 3360 iam
413 3301 477 3361 sine
505 3301 634 3361 auctoris
667 3301 784 3360 nomine
817 3299 996 3360 circumlatis
1027 3298 1072 3356 ita
1093 3298 1141 3356 usi

132 3392 204 3449 sunt
224 3389 354 3465 librarii,
380 3393 415 3450 ut
441 3389 621 3466 ubicumque
644 3407 732 3465 opere
759 3389 821 3447 iam
848 3388 984 3448 absoluto
1012 3385 1070 3446 duo
1093 3387 1142 3447 vel

179 3593 334 3720 92¹5Gelaer
356 3593 432 3665 apud
454 3592 695 3648 Krumbaeherum
718 3593 816 3649 Gesch.
840 3591 866 3646 d.
890 3589 1033 3661 byzantia.
1050 3589 1141 3646 aits)

132 3682 159 3735 p·
233 3705 239 3720 .
813 3683 815 3690 .
