2790 4214
231 322 275 389 54
593 321 702 379 LIBER
719 323 873 380 TERTIUS

190 497 216 551 X
230 485 305 573 περὶ
328 489 369 552 τά
392 489 475 553 ἀλλα
498 489 610 573 ἀστρα.
649 493 759 572 Θαλῆς
777 484 814 552 δὲ
837 488 892 553 καὶ
915 490 948 554 ολ
971 486 1026 554 ἀπ’
1055 487 1159 553 αὐτοῦ
1178 489 1244 554 ὑπὸ

230 603 290 659 τοῦ
315 593 412 678 ήλιόυ
443 597 644 678 φωτίζεσθαι
674 595 736 678 τήν
765 596 908 679 σελήνην
938 593 1119 680 ἐνέκριναν.
1165 595 1244 678 ὅγε
1360 602 1364 645 '=

229 701 296 784 μήν
320 699 534 786 Ἡράκλειτος
560 702 598 765 τὸ
629 700 709 766 αὐτὸ
739 699 943 766 πεπονθέναι
975 701 1035 765 τὸν
1063 702 1161 784 ήλιον
1190 700 1245 766 καὶ

229 808 290 890 τήν
313 810 455 892 σελήνην
478 809 573 891 φησί·
597 808 805 891 σκαφοειδεῖς
827 809 889 892 γάρ
914 808 1013 882 ὄντας
1035 817 1105 882 τοῖς
1123 809 1246 891 σχήμα-

202 917 285 978 τ’σιν
308 913 343 979 ἐκ
366 924 424 997 τής
446 913 551 1000 ὑγρᾶς
574 913 827 998 ἀναθυμιάσεως
850 917 1051 997 φωτίζεσθαι
1077 915 1161 999 πρὸς
1184 915 1246 997 τήν

228 1024 430 1104 φαντασίαν,
459 1023 688 1106 λαμπρότερον
716 1016 753 1085 δὲ
780 1020 839 1085 τὸν
866 1021 963 1102 ήλιον
990 1021 1046 1084 διά
1069 1021 1105 1084 τὸ
1130 1020 1167 1085 ἐν
1188 1045 1245 1086 κα-

158 1141 215 1194 ΧΥ
229 1133 325 1214 θαρῷ
354 1126 426 1213 ἀέρι
453 1131 644 1211 φαίνεσθαι.
694 1125 877 1210 ἀφεστάναι
905 1122 954 1191 δὲ.
970 1129 1069 1209 λόγος
1096 1125 1160 1191 ἀπὸ
1188 1136 1246 1211 τῆς

229 1242 290 1317 γής
312 1235 394 1299 κατὰ
416 1235 476 1299 τὸν
495 1231 742 1319 Ἐρατοσθένην
763 1234 825 1316 τήν
847 1229 908 1317 μὲν
932 1234 1074 1316 σελήνην
1101 1235 1246 1299 σταδίων

223 1341 394 1426 μυριάδας
414 1338 639 1424 ἑβδομήκοντα
662 1339 757 1423 ὀκτώ,
779 1341 839 1404 τὸν
863 1336 900 1405 δὲ
919 1339 1017 1422 ήλιον
1034 1343 1245 1426 τετρακοσίας

166 1459 217 1514 XS
232 1445 287 1512 καὶ
326 1447 457 1523 ὀκτάκις
495 1450 623 1532 μυρίας.
688 1445 708 1529 ή
747 1447 866 1530 σελήνη
903 1447 966 1532 γάρ
1003 1445 1064 1529 τήν
1101 1444 1246 1530 ἑβδόμην

190 1576 215 1614 11
230 1552 411 1638 κατέχουσα
430 1553 537 1636 ζώνην
558 1551 795 1639 προσγειοτέρα
817 1563 885 1617 τῶν
907 1554 1018 1617 ἀλλων
1041 1550 1133 1617 ἐστὶν
1153 1551 1245 1617 ἀστέ-

230 1680 312 1746 ρων·
341 1661 424 1726 ὅθεν
452 1655 531 1724 οὐδὲ
558 1663 683 1743 πίλημα
706 1661 850 1745 ἀκρατον
873 1657 1009 1744 αάθέρος
1032 1659 1137 1742 αὐτήν
1160 1655 1248 1723 εἷναί

230 1784 312 1850 φασι
334 1768 417 1831 κατὰ
439 1767 518 1842 τοὺς
537 1767 659 1841 ἀλλους
682 1764 831 1851 ἀστέρας,
854 1774 962 1851 κρᾶμα
981 1761 1018 1830 δὲ
1037 1766 1245 1852 αάθερύδους

229 1870 284 1936 καὶ
308 1872 476 1957 ἀερώδους
497 1871 626 1948 οὐσίας·
649 1873 687 1936 τὸ
706 1873 769 1957 γάρ
789 1874 994 1955 φαινόμενον
1012 1871 1113 1955 αύτής
1131 1871 1245 1955 μέλαν,

189 1977 247 2043 ωδ
271 1984 410 2044 καλοῦσι
439 1980 619 2064 πρόσωπόν
648 2001 750 2061 τινες,
781 1974 881 2043 οὐδὲν
911 1979 992 2044 ἀλλο
1023 1973 1109 2043 εἶναι
1138 1977 1158 2062 ή
1186 1979 1245 2043 τὸν

230 2083 496 2170 ἀναμεμιγμένον
518 2083 613 2170 ἀέρα,
637 2083 673 2161 ὃς
696 2085 797 2169 φύσει
819 2083 919 2169 μέλας
947 2085 995 2149 ὢν
1023 2086 1117 2170 ἀχρις
1145 2085 1246 2168 αύτής

189 2196 378 2258 Χτείνεται.
429 2190 535 2257 ἐκεῖνο
564 2188 601 2257 δὲ
628 2191 672 2275 μή
699 2193 855 2278 παριδεῖν
887 2190 989 2269 ἀξιον.
1038 2190 1058 2274 ή
1087 2195 1246 2275 νεομηνία

228 2301 355 2384 κεφαλή
375 2300 477 2384 μηνὸς
495 2298 578 2384 πρὸς
596 2310 664 2364 τῶν
681 2298 829 2384 ἀρχαίων
846 2297 1135 2385 προσαγορεύεται.
1166 2298 1246 2362 δέκα

230 2403 268 2471 δὲ
297 2408 507 2490 εἰσηγοῦνται
536 2406 675 2489 σελήνης
703 2408 864 2490 σχήματα,
892 2403 958 2489 ἀφ’
981 2398 1029 2469 ὧν
1052 2404 1069 2470 ὁ
1094 2428 1246 2490 τριακον-

190 2514 376 2598 εοθήμερος
408 2511 657 2598 ἀναπληροῦται
688 2512 824 2588 κύκλος·
860 2513 901 2576 τὰ
933 2509 973 2576 δέ
1002 2510 1071 2575 ἐστι
1103 2511 1245 2586 σύνοδος

230 2616 372 2701 ἀνατολὴ
387 2619 564 2702 μηνοειδής
582 2619 757 2701 διχότομος
775 2615 982 2703 ἀμφίκυρτος
1000 2619 1127 2702 πλήρης
1143 2611 1245 2692 αὖθις

300 2862 325 2898 v.
342 2850 356 2896 1
376 2843 479 2898 Thales
500 2843 578 2897 Diels
596 2843 716 2914 Doxogr.
737 2861 777 2913 gr.
796 2862 823 2912 p.
839 2849 911 2896 358³
935 2844 998 2898 adn.
1014 2850 1030 2898 5
1121 2851 1137 2898 3
1157 2844 1245 2898 Hera-

230 2914 313 2970 clitus
331 2914 400 2969 ibid.
420 2933 447 2984 p.
462 2920 530 2969 359Β
548 2915 612 2969 adn.
629 2921 644 2969 6
718 2921 734 2968 8
753 2913 953 2968 Eratosthenes
972 2914 1040 2970 ibid.
1056 2921 1129 2969 362a
1148 2916 1211 2969 adn.
1228 2921 1244 2968 3

300 3135 357 3184 τί
377 3127 490 3196 ἔκριναν
509 3127 542 3182 ei.
561 3127 672 3183 Bekker
743 3133 760 3181 3
779 3125 965 3200 πεπονθέναι]
989 3130 1053 3196 περὶ
1072 3129 1121 3183 τόν
1143 3129 1245 3183 θεικδν

231 3203 263 3255 Χ
332 3208 349 3255 4
368 3201 433 3262 τοὺς
451 3197 568 3267 ἀστέρας
587 3202 618 3254 δε
637 3195 755 3268 ομένους
772 3198 823 3263 τὰς
840 3200 897 3254 ἀπὸ
915 3208 964 3269 τῆς
982 3201 999 3254 ύ
1018 3207 1069 3267 ρᾶς
1083 3198 1245 3269 ἀναθυμιά-

231 3291 299 3335 σεως
317 3271 406 3342 αύγάς
423 3271 543 3340 Doxogr.
560 3289 600 3341 gr.
615 3219 636 3324 ἀ
650 3288 671 3324 s.
746 3275 760 3323 7
780 3269 947 3342 φαίνεσθαι]
966 3222 1104 3340 φέρεσθαι
1122 3271 1244 3341 Doxogr.

231 3361 272 3412 gr.
355 3351 370 3398 8
390 3341 432 3397 ότι
451 3341 466 3396 δ
486 3338 673 3411 ἐρατοσθένης
691 3340 742 3410 τήν
761 3340 811 3410 μὲν
830 3342 947 3411 σελήνην
965 3374 999 3382 -
1019 3347 1052 3395 10
1071 3342 1156 3411 μύρια
1174 3343 1245 3410 ἀφε-

231 3411 331 3468 στάναι
350 3412 421 3485 λέγει
439 3421 488 3484 τῆς
506 3421 563 3483 γῆς.
601 3415 653 3467 cet.
673 3412 730 3467 des,
755 3413 784 3466 Y
859 3411 1068 3483 θόγδοήκοντα
1092 3413 1162 3467 ὀκτὼ
1181 3413 1209 3466 Β
1239 3413 1243 3485 Ι

165 3493 169 3505 ’
231 3483 423 3551 τετρακοσίους
442 3485 505 3540 XR
583 3489 616 3538 10
635 3484 719 3553 μύρια
738 3485 845 3553 AEF,
865 3483 976 3553 μυρίαις
994 3484 1126 3553 BCGR,
1146 3481 1246 3553 μυρίας

231 3556 262 3610 D
331 3562 364 3610 10
383 3554 571 3626 ότιήοελήνη
585 3553 783 3626 προσγειότερα
797 3588 832 3596 -
847 3562 879 3610 17
900 3553 1055 3610 τείνετυιδ
1121 3561 1154 3609 13
1173 3553 1246 3609 κατὰ

232 3625 529 3751 -ΙάστέραςΑουύεΧ
543 3629 547 3697 1
563 3627 717 3697 κράμμαΧ
780 3633 813 3682 16
828 3628 924 3699 αὐτῆς]
939 3626 1094 3695 ούρανοῦδ
1154 3632 1187 3679 21
1203 3628 1247 3680 δι-

232 3717 367 3768 γοτογμος
