2790 4214
213 259 258 324 24
596 257 705 312 LIBER
723 257 843 310 ALTER

172 435 198 486 Y
212 423 249 488 τὸ
268 423 332 508 γὰρ
352 423 469 518 ἄρτιον
486 419 589 505 μέσον
606 422 783 486 διασπᾶται
802 420 1040 506 διαιρούμενον
1057 429 1117 485 τοῦ
1137 417 1225 496 ἑνός·

213 532 314 614 μόνος
344 524 381 592 δὲ
411 527 597 612 ἀδιαίρετος
627 527 645 594 6
675 529 835 612 περιττός.
886 527 904 594 6
934 523 996 611 μὲν
1025 528 1088 612 μάρ
1119 527 1227 611 ἄρρην

213 635 359 721 ἀριθμὸς
381 635 597 720 τετράγωνος,
620 633 705 718 αὐγή
728 632 784 699 καὶ
801 644 883 718 φῶς,
906 631 939 712 ἐξ
960 635 1109 717 ἰσότητος
1126 638 1226 699 πλευ·
1344 651 1349 658 ·

214 754 283 828 ρῶν
314 743 494 826 συνεστώς,
531 742 549 809 6
583 737 620 806 δὲ
652 747 760 825 θῆλυς
790 735 1003 827 ἑτερομήκης,
1035 740 1139 805 νύκτα
1169 737 1226 804 καὶ

188 851 334 914 εσκότον
356 851 441 932 έχων
464 849 521 914 διά
543 849 605 932 τήν
627 847 819 931 ἀνισότητα·
842 847 860 914 6
885 844 922 912 δὲ
946 845 1143 932 ἑτερομήκης
1164 847 1227 930 τήν

214 951 276 1040 μὲν
299 954 456 1021 ἐλάττονα
478 956 626 1040 πλευράν
648 953 806 1020 ἐλάττονα
824 957 891 1042 έχει
910 951 971 1036 ἑνί,
993 954 1054 1036 τήν
1072 948 1110 1018 δὲ
1128 957 1225 1037 μείζω

213 1059 447 1147 περιττοτέραν
474 1059 533 1127 ἑνί.
580 1062 662 1126 ὥστε
690 1061 708 1128 6
736 1061 799 1130 δύο
826 1061 971 1147 ἀριθμὸς
998 1058 1039 1126 ού
1066 1062 1227 1146 καθαρός,

214 1179 347 1253 πρῶτον
369 1166 445 1252 μέν,
474 1168 524 1234 ότι
544 1170 642 1244 κενός
665 1166 734 1233 έστι
756 1165 811 1232 καὶ
835 1166 876 1232 οὐ
898 1169 1032 1250 ναστός,
1060 1167 1097 1232 τὸ
1121 1162 1159 1232 δὲ
1181 1167 1225 1251 μὴ

214 1280 337 1361 πλῆρες
360 1274 401 1340 οῦ
424 1278 586 1361 καθαρόν,
610 1274 693 1361 ἀρχή
717 1271 754 1340 δὲ
777 1273 926 1361 ἀπειρίας
946 1271 1002 1338 καὶ
1020 1273 1227 1356 ἀνισότητος·

176 1406 202 1445 10
216 1381 370 1467 ἀπειρίας.
388 1378 450 1466 μὲν
477 1383 534 1448 διά
560 1383 622 1465 τήν
648 1381 749 1465 ύλην,
779 1381 973 1464 ἀνισότητος
1000 1377 1037 1445 δὲ
1065 1382 1121 1445 διά
1148 1381 1226 1455 τοὺς

216 1486 435 1573 ἑτερομήκεις·
463 1489 546 1554 ὅθεν
574 1489 606 1553 οἱ
633 1485 769 1553 παλαιοὶ
792 1488 836 1564 ὡς
863 1487 949 1570 ύλην
975 1485 1030 1552 καὶ
1054 1485 1227 1572 ἑτερότητα

162 1605 218 1658 XY
232 1596 293 1678 τήν
320 1596 429 1660 δυάδα
457 1595 763 1680 παραλαμβάνουσι.
806 1596 933 1679 τόλμαν
955 1590 993 1658 δὲ
1015 1591 1070 1658 καὶ
1094 1595 1126 1658 ολ
1150 1590 1226 1677 περὶ

219 1702 413 1787 Φερεκύδην
454 1701 613 1766 ἐκάλεσαν
658 1702 719 1784 τήν
760 1702 882 1784 δυάδα,
928 1698 984 1765 καὶ
1025 1700 1132 1785 ὁρμήν
1172 1697 1226 1764 καὶ

218 1806 319 1885 δόξαν
345 1812 521 1891 καλοῦσιν,
549 1808 600 1872 ότι
629 1808 667 1872 τὸ
697 1803 821 1890 ἀληθὲς
849 1805 905 1872 καὶ
934 1803 1055 1885 ψευδὲς
1082 1805 1120 1872 έν
1147 1804 1227 1890 δόξη

177 1924 203 1976 Y
217 1913 294 1979 έστί.
339 1916 547 1997 πανσόβητος
573 1915 636 1998 γάρ
664 1912 770 1996 ήύλη
797 1910 853 1977 καὶ
881 1914 1019 1988 ἄστατος
1045 1910 1100 1977 καὶ
1125 1918 1227 1978 πολυ-

177 2043 203 2082 ιε
217 2021 412 2104 μετάβολος,
453 2023 645 2105 κακοπαθής
680 2043 715 2084 τε
752 2017 807 2084 καὶ
842 2022 956 2084 πόνων
991 2019 1228 2103 ῦπομονητική,

217 2127 299 2191 κατά
327 2127 432 2210 φύσιν
458 2128 496 2192 τὸ
526 2129 682 2212 μεριστὸν
709 2124 763 2192 καὶ
791 2127 927 2203 διεστὼς
954 2129 1087 2210 ἔχουσα·
1117 2126 1135 2191 ὁ
1163 2127 1227 2210 μάρ

218 2231 305 2312 ἄξων
328 2231 427 2318 μέσος
449 2236 506 2300 διά
527 2237 651 2310 παντὸς
669 2235 759 2317 ήκων
776 2243 837 2298 τοῦ
855 2235 1002 2320 οὐρανοῦ
1020 2243 1149 2318 πρῶτος
1166 2233 1229 2315 τήν

219 2343 266 2417 είς
289 2341 351 2406 δύο
375 2340 479 2424 τομήν
500 2337 556 2404 καὶ
579 2339 643 2404 ἀπὸ
666 2349 727 2405 τσῦ
747 2338 820 2416 ἑνὸς
837 2338 1020 2404 ἀκόστασιν
1037 2338 1229 2423 ὑποφαίνει,

82 2491 87 2502 .
180 2471 205 2510 20
220 2454 324 2524 αίτιος
347 2443 384 2512 δὲ
407 2455 464 2530 τῆς
485 2448 591 2530 πάσης
610 2455 672 2511 τοῦ
691 2448 854 2530 αἰσθητοῦ
873 2449 1031 2529 κινήσεως
1048 2443 1104 2510 καὶ
1121 2446 1228 2528 πάντη

218 2565 286 2618 τῶν
318 2564 447 2638 νοητῶν
477 2552 725 2638 κεχωρισμένος.
783 2551 883 2617 ταῦθ’
916 2551 1021 2628 ούτως
1057 2554 1174 2636 ἔχοντα
1209 2551 1228 2616 6

219 2663 359 2742 Νουμᾶς
385 2655 494 2743 εύρέον
512 2658 681 2743 Ῥωμαίοις
703 2659 763 2723 τὸν
790 2658 907 2723 δυικδν
934 2657 1081 2743 ἀριθμὸν
1106 2657 1229 2742 ἀπηγό-

219 2781 338 2851 ρευσεν
361 2763 398 2829 έν
420 2775 491 2841 ταῖς
520 2763 660 2850 ἑορταῖς·
688 2759 767 2828 οὐδὲ
789 2765 853 2849 μάρ
877 2763 1082 2849 ἀριθμοῦσιν
1105 2765 1137 2830 οἱ
1155 2763 1228 2828 Ῥω-

211 2881 327 2956 μαῖοι,
350 2872 459 2955 ὥσπερ
483 2870 548 2955 πρὸ
571 2872 740 2955 τεσσάρων
763 2868 818 2934 καὶ
840 2882 958 2956 τριῶν,
982 2871 1067 2936 ούτω
1091 2869 1146 2936 καὶ
1164 2872 1228 2956 πρὸ

180 3000 206 3042 25
221 2979 283 3044 δύο
307 2977 472 3060 λέγοντες·
495 2977 540 3053 ὡς
562 2974 617 3041 καὶ
633 2975 807 3059 Ἀθηναῖοι
829 2979 866 3043 τὸ
889 2976 970 3063 πρὶν
991 2979 1053 3061 τήν
1071 2974 1230 3062 δευτέραν

291 3213 347 3262 v.1
371 3206 403 3259 τὸ
427 3204 479 3276 γάρ
497 3237 533 3247 -
553 3211 585 3258 12
608 3204 860 3276 παραλαμβάνουσι
881 3204 960 3260 omis.
984 3206 1016 3260 X
1047 3208 1052 3274 Ι
1086 3202 1170 3274 μέσον
1197 3202 1231 3260 δν

221 3282 373 3334 διασπᾶται
392 3278 425 3346 Y,
445 3273 479 3331 δν
497 3276 551 3330 del.
566 3277 616 3344 16,
636 3279 788 3331 διασπᾶται
806 3276 981 3331 06N0k1<jus
998 3279 1002 3347 Ι
1018 3277 1231 3345 διαιρούμενον

220 3351 329 3419 ΒΕΘ,
353 3346 539 3417 διαρουμένου
563 3348 661 3402 OEM
744 3349 910 3422 4συνιστώς
926 3349 957 3402 D
1039 3354 1183 3416 8πρῶτος
1200 3348 1231 3401 D

223 3428 255 3474 12
273 3418 377 3489 τόλμαν
401 3418 432 3474 δὲ
454 3419 543 3488 αὐτὴν
566 3421 615 3474 καὶ
638 3418 726 3488 όρμὴν
749 3436 806 3487 eqs.
830 3420 859 3473 Y
932 3425 964 3472 13
984 3419 1072 3488 ὁρμὴν
1090 3419 1162 3488 AY,
1184 3438 1231 3473 το-

221 3491 276 3560 μὴν
294 3492 322 3544 Β
395 3496 429 3545 14
447 3492 637 3546 ἀποκαλοῦσιν
655 3491 687 3544 Χ
708 3490 712 3563 Ι
737 3489 860 3560 ἀψευδὲς
876 3491 905 3544 Α
978 3496 1010 3544 15
1030 3489 1094 3545 ἐστι’.
1121 3489 1232 3559 reliqua

221 3562 304 3615 huius
326 3561 498 3631 paragraphi
521 3561 599 3616 omis.
619 3563 651 3616 X
735 3568 768 3615 16
786 3559 990 3631 ῦπομονητικός
1010 3562 1039 3615 D
1122 3567 1154 3614 17
1174 3563 1230 3614 διε-

222 3631 285 3694 στός
302 3632 333 3685 D
405 3637 439 3685 20
457 3641 505 3702 τῆς
523 3632 625 3704 πάσης]
643 3641 702 3695 τοῖς
719 3640 788 3687 πᾶσι
806 3634 844 3686 M
913 3639 946 3686 22
966 3633 1071 3701 νούμας
1089 3633 1119 3685 D
