<?xml version="1.0" encoding="UTF-8"?>
<!DOCTYPE html PUBLIC "-//W3C//DTD XHTML 1.0 Transitional//EN"
    "http://www.w3.org/TR/xhtml1/DTD/xhtml1-transitional.dtd">
<html xmlns="http://www.w3.org/1999/xhtml" xml:lang="en" lang="en">
 <head>
  <title>
</title>
<meta http-equiv="Content-Type" content="text/html;charset=utf-8" />
  <meta name='ocr-system' content='tesseract 3.04.00' />
  <meta name='ocr-capabilities' content='ocr_page ocr_carea ocr_par ocr_line ocrx_word'/>
</head>
<body>
  <div class='ocr_page' id='page_1' title='image "./ioannislaurenti02wuengoog_0157.png"; bbox 0 0 2790 4214; ppageno 0'>
   <div class='ocr_carea' id='block_1_1' title="bbox 221 253 871 332">
    <p class='ocr_par' dir='ltr' id='par_1_1' title="bbox 221 253 871 332">
     <span class='ocr_line' id='line_1_1' title="bbox 221 253 871 332; baseline 0 -10"><span class='ocrx_word' id='word_1_1' title='bbox 221 267 263 332; x_wconf 81' lang='lat'><strong><em>58</em></strong></span> <span class='ocrx_word' id='word_1_2' title='bbox 584 267 692 322; x_wconf 74' lang='lat' dir='ltr'>LIBER</span> <span class='ocrx_word' id='word_1_3' title='bbox 710 253 871 323; x_wconf 72' lang='grc' dir='ltr'><strong><em>Τεονεοε·</em></strong></span> 
     </span>
    </p>
   </div>
   <div class='ocr_carea' id='block_1_2' title="bbox 165 429 1288 2856">
    <p class='ocr_par' dir='ltr' id='par_1_2' title="bbox 165 429 1288 2856">
     <span class='ocr_line' id='line_1_2' title="bbox 180 429 1233 517; baseline 0.003 -22"><span class='ocrx_word' id='word_1_4' title='bbox 180 442 207 494; x_wconf 88' lang='lat' dir='ltr'>Y</span> <span class='ocrx_word' id='word_1_5' title='bbox 221 431 363 517; x_wconf 79' lang='grc' dir='ltr'><strong><em>ἄρξεται·</em></strong></span> <span class='ocrx_word' id='word_1_6' title='bbox 395 429 491 517; x_wconf 82' lang='grc' dir='ltr'><strong><em>μέχρι</em></strong></span> <span class='ocrx_word' id='word_1_7' title='bbox 522 433 584 517; x_wconf 74' lang='grc' dir='ltr'><strong><em>γὰρ</em></strong></span> <span class='ocrx_word' id='word_1_8' title='bbox 617 443 685 496; x_wconf 85' lang='grc' dir='ltr'><strong><em>τῶν</em></strong></span> <span class='ocrx_word' id='word_1_9' title='bbox 712 432 796 497; x_wconf 86' lang='grc' dir='ltr'><strong><em>ὀκτὼ</em></strong></span> <span class='ocrx_word' id='word_1_10' title='bbox 824 431 1068 516; x_wconf 80' lang='grc' dir='ltr'><strong><em>ἀνεπαίσθητός</em></strong></span> <span class='ocrx_word' id='word_1_11' title='bbox 1096 432 1187 498; x_wconf 89' lang='grc' dir='ltr'><strong><em>ἐστιν</em></strong></span> <span class='ocrx_word' id='word_1_12' title='bbox 1213 433 1233 517; x_wconf 89' lang='grc' dir='ltr'><strong><em>ή</em></strong></span> 
     </span>
     <span class='ocr_line' id='line_1_3' title="bbox 219 541 559 622; baseline 0.003 -21"><span class='ocrx_word' id='word_1_13' title='bbox 219 547 277 621; x_wconf 86' lang='grc' dir='ltr'><strong><em>τής</em></strong></span> <span class='ocrx_word' id='word_1_14' title='bbox 300 546 394 614; x_wconf 83' lang='grc' dir='ltr'><strong><em>σκιᾶς</em></strong></span> <span class='ocrx_word' id='word_1_15' title='bbox 417 541 559 622; x_wconf 76' lang='grc' dir='ltr'><strong><em>μεήνσις</em></strong></span> 
     </span>
     <span class='ocr_line' id='line_1_4' title="bbox 289 641 1288 728; baseline 0.004 -21"><span class='ocrx_word' id='word_1_16' title='bbox 289 643 339 707; x_wconf 87' lang='grc'><strong><em>18.</em></strong></span> <span class='ocrx_word' id='word_1_17' title='bbox 364 641 435 709; x_wconf 83' lang='grc' dir='ltr'><strong><em>Ὅτι</em></strong></span> <span class='ocrx_word' id='word_1_18' title='bbox 459 645 514 709; x_wconf 78' lang='grc' dir='ltr'><strong><em>διὰ</em></strong></span> <span class='ocrx_word' id='word_1_19' title='bbox 532 647 594 727; x_wconf 87' lang='grc' dir='ltr'><strong><em>τήν</em></strong></span> <span class='ocrx_word' id='word_1_20' title='bbox 612 643 744 727; x_wconf 82' lang='grc' dir='ltr'><strong><em>γένεσιν</em></strong></span> <span class='ocrx_word' id='word_1_21' title='bbox 763 644 855 728; x_wconf 77' lang='grc' dir='ltr'><strong><em>διττή</em></strong></span> <span class='ocrx_word' id='word_1_22' title='bbox 874 643 1013 727; x_wconf 80' lang='grc' dir='ltr'><strong><em>γέγονεν</em></strong></span> <span class='ocrx_word' id='word_1_23' title='bbox 1034 644 1055 728; x_wconf 81' lang='grc' dir='ltr'><em>ἡ</em></span> <span class='ocrx_word' id='word_1_24' title='bbox 1078 657 1146 711; x_wconf 84' lang='grc' dir='ltr'><strong><em>τῶν</em></strong></span> <span class='ocrx_word' id='word_1_25' title='bbox 1155 656 1288 725; x_wconf 74' lang='grc' dir='ltr'><strong><em>ΒιΙΙΙ,13</em></strong></span> 
     </span>
     <span class='ocr_line' id='line_1_5' title="bbox 185 747 1233 838; baseline 0.004 -24"><span class='ocrx_word' id='word_1_26' title='bbox 185 749 386 835; x_wconf 72' lang='grc' dir='ltr'><strong><em>Ξούρανίων</em></strong></span> <span class='ocrx_word' id='word_1_27' title='bbox 418 754 560 834; x_wconf 90' lang='grc' dir='ltr'><strong><em>κίνησις·</em></strong></span> <span class='ocrx_word' id='word_1_28' title='bbox 593 752 621 816; x_wconf 85' lang='grc' dir='ltr'><strong><em>εί</em></strong></span> <span class='ocrx_word' id='word_1_29' title='bbox 653 753 716 837; x_wconf 82' lang='grc' dir='ltr'><strong><em>γὰρ</em></strong></span> <span class='ocrx_word' id='word_1_30' title='bbox 743 751 828 834; x_wconf 83' lang='grc' dir='ltr'><strong><em>ἁπλή</em></strong></span> <span class='ocrx_word' id='word_1_31' title='bbox 856 747 899 834; x_wconf 83' lang='grc' dir='ltr'><strong><em>ήν</em></strong></span> <span class='ocrx_word' id='word_1_32' title='bbox 925 753 1107 838; x_wconf 81' lang='grc' dir='ltr'><strong><em>περιφορά,</em></strong></span> <span class='ocrx_word' id='word_1_33' title='bbox 1141 751 1184 835; x_wconf 80' lang='grc' dir='ltr'><strong><em>ἣν</em></strong></span> <span class='ocrx_word' id='word_1_34' title='bbox 1215 752 1233 818; x_wconf 99' lang='lat'><strong><em>6</em></strong></span> 
     </span>
     <span class='ocr_line' id='line_1_6' title="bbox 193 856 1234 946; baseline 0.004 -28"><span class='ocrx_word' id='word_1_35' title='bbox 193 857 367 941; x_wconf 82' lang='grc' dir='ltr'><strong><em>τάπλανής</em></strong></span> <span class='ocrx_word' id='word_1_36' title='bbox 398 857 540 942; x_wconf 85' lang='grc' dir='ltr'><strong><em>οὐρανὸς</em></strong></span> <span class='ocrx_word' id='word_1_37' title='bbox 571 868 712 923; x_wconf 81' lang='grc' dir='ltr'><strong><em>ποιεῖται</em></strong></span> <span class='ocrx_word' id='word_1_38' title='bbox 741 858 849 922; x_wconf 79' lang='grc' dir='ltr'><strong><em>πάντα</em></strong></span> <span class='ocrx_word' id='word_1_39' title='bbox 882 857 1031 942; x_wconf 85' lang='grc' dir='ltr'><strong><em>συνέχων</em></strong></span> <span class='ocrx_word' id='word_1_40' title='bbox 1061 858 1098 923; x_wconf 86' lang='grc' dir='ltr'><strong><em>ἐν</em></strong></span> <span class='ocrx_word' id='word_1_41' title='bbox 1128 856 1234 946; x_wconf 78' lang='grc' dir='ltr'><strong><em>ἐαυτῷ</em></strong></span> 
     </span>
     <span class='ocr_line' id='line_1_7' title="bbox 165 960 1232 1051; baseline 0.003 -24"><span class='ocrx_word' id='word_1_42' title='bbox 165 974 215 1027; x_wconf 87' lang='lat' dir='ltr'><strong><em>YS</em></strong></span> <span class='ocrx_word' id='word_1_43' title='bbox 230 961 284 1028; x_wconf 84' lang='grc' dir='ltr'><strong><em>καλ</em></strong></span> <span class='ocrx_word' id='word_1_44' title='bbox 307 964 499 1049; x_wconf 76' lang='grc' dir='ltr'><strong><em>περιδινῶν,</em></strong></span> <span class='ocrx_word' id='word_1_45' title='bbox 522 960 624 1028; x_wconf 69' lang='grc' dir='ltr'><strong><em>οὐδὲν</em></strong></span> <span class='ocrx_word' id='word_1_46' title='bbox 646 961 689 1028; x_wconf 75' lang='grc' dir='ltr'><strong><em>ἂν</em></strong></span> <span class='ocrx_word' id='word_1_47' title='bbox 712 962 767 1028; x_wconf 85' lang='grc' dir='ltr'><strong><em>ἀπ’</em></strong></span> <span class='ocrx_word' id='word_1_48' title='bbox 796 963 896 1047; x_wconf 88' lang='grc' dir='ltr'><strong><em>αὐτής</em></strong></span> <span class='ocrx_word' id='word_1_49' title='bbox 918 967 1087 1051; x_wconf 78' lang='grc' dir='ltr'><strong><em>παρήχθη·</em></strong></span> <span class='ocrx_word' id='word_1_50' title='bbox 1113 967 1149 1029; x_wconf 90' lang='grc' dir='ltr'><strong><em>τί</em></strong></span> <span class='ocrx_word' id='word_1_51' title='bbox 1168 967 1232 1050; x_wconf 74' lang='grc' dir='ltr'><strong><em>γὰρ</em></strong></span> 
     </span>
     <span class='ocr_line' id='line_1_8' title="bbox 185 1069 1227 1158; baseline 0.001 -24"><span class='ocrx_word' id='word_1_52' title='bbox 185 1070 281 1136; x_wconf 71' lang='lat'>6666</span> <span class='ocrx_word' id='word_1_53' title='bbox 309 1078 367 1154; x_wconf 78' lang='grc' dir='ltr'><strong><em>τῆς</em></strong></span> <span class='ocrx_word' id='word_1_54' title='bbox 398 1069 504 1152; x_wconf 79' lang='grc' dir='ltr'><strong><em>ἁπλῆς</em></strong></span> <span class='ocrx_word' id='word_1_55' title='bbox 534 1072 693 1153; x_wconf 82' lang='grc' dir='ltr'><strong><em>κινήσεως</em></strong></span> <span class='ocrx_word' id='word_1_56' title='bbox 725 1069 768 1134; x_wconf 76' lang='lat'><strong><em>66</em></strong></span> <span class='ocrx_word' id='word_1_57' title='bbox 799 1071 880 1136; x_wconf 79' lang='grc' dir='ltr'><strong><em>ἄλλο</em></strong></span> <span class='ocrx_word' id='word_1_58' title='bbox 913 1070 1118 1157; x_wconf 69' lang='grc' dir='ltr'><em>ἀποτελεσθῇ</em></span> <span class='ocrx_word' id='word_1_59' title='bbox 1151 1070 1227 1158; x_wconf 91' lang='grc' dir='ltr'><strong><em>παρ’</em></strong></span> 
     </span>
     <span class='ocr_line' id='line_1_9' title="bbox 219 1172 1230 1264; baseline 0 -22"><span class='ocrx_word' id='word_1_60' title='bbox 219 1177 336 1261; x_wconf 83' lang='grc' dir='ltr'><strong><em>αὐτήν;</em></strong></span> <span class='ocrx_word' id='word_1_61' title='bbox 369 1173 439 1241; x_wconf 81' lang='grc' dir='ltr'><strong><em>ἐπεὶ</em></strong></span> <span class='ocrx_word' id='word_1_62' title='bbox 468 1172 505 1241; x_wconf 75' lang='grc' dir='ltr'><strong><em>δὲ</em></strong></span> <span class='ocrx_word' id='word_1_63' title='bbox 533 1175 767 1263; x_wconf 83' lang='grc' dir='ltr'><strong><em>ἀντιφέρονται</em></strong></span> <span class='ocrx_word' id='word_1_64' title='bbox 796 1175 917 1243; x_wconf 81' lang='grc' dir='ltr'><strong><em>πολλαὶ</em></strong></span> <span class='ocrx_word' id='word_1_65' title='bbox 943 1177 999 1243; x_wconf 87' lang='grc' dir='ltr'><strong><em>καλ</em></strong></span> <span class='ocrx_word' id='word_1_66' title='bbox 1021 1181 1169 1244; x_wconf 78' lang='grc' dir='ltr'><strong><em>ποικίλαι</em></strong></span> <span class='ocrx_word' id='word_1_67' title='bbox 1191 1187 1230 1264; x_wconf 82' lang='grc' dir='ltr'><strong><em>τή</em></strong></span> 
     </span>
     <span class='ocr_line' id='line_1_10' title="bbox 218 1281 1227 1370; baseline 0.001 -22"><span class='ocrx_word' id='word_1_68' title='bbox 218 1291 278 1370; x_wconf 82' lang='grc' dir='ltr'><strong><em>μιᾷ</em></strong></span> <span class='ocrx_word' id='word_1_69' title='bbox 314 1291 496 1369; x_wconf 78' lang='grc' dir='ltr'><strong><em>περιφορᾷ,</em></strong></span> <span class='ocrx_word' id='word_1_70' title='bbox 537 1292 625 1348; x_wconf 86' lang='grc' dir='ltr'><strong><em>πᾶσα</em></strong></span> <span class='ocrx_word' id='word_1_71' title='bbox 666 1281 794 1366; x_wconf 80' lang='grc' dir='ltr'><strong><em>γένεσις</em></strong></span> <span class='ocrx_word' id='word_1_72' title='bbox 831 1283 916 1367; x_wconf 86' lang='grc' dir='ltr'><strong><em>ὁμοῦ</em></strong></span> <span class='ocrx_word' id='word_1_73' title='bbox 953 1285 1134 1369; x_wconf 81' lang='grc' dir='ltr'><strong><em>παράγεται</em></strong></span> <span class='ocrx_word' id='word_1_74' title='bbox 1170 1281 1227 1349; x_wconf 82' lang='grc' dir='ltr'><strong><em>ἀπ’</em></strong></span> 
     </span>
     <span class='ocr_line' id='line_1_11' title="bbox 166 1386 1231 1478; baseline 0.001 -23"><span class='ocrx_word' id='word_1_75' title='bbox 166 1401 215 1456; x_wconf 81' lang='lat' dir='ltr'><strong><em>YS</em></strong></span> <span class='ocrx_word' id='word_1_76' title='bbox 231 1389 350 1454; x_wconf 84' lang='grc' dir='ltr'><strong><em>αὐτῶν.</em></strong></span> <span class='ocrx_word' id='word_1_77' title='bbox 388 1389 474 1455; x_wconf 82' lang='grc' dir='ltr'><strong><em>οὕτω</em></strong></span> <span class='ocrx_word' id='word_1_78' title='bbox 494 1389 557 1475; x_wconf 81' lang='grc' dir='ltr'><strong><em>γὰρ</em></strong></span> <span class='ocrx_word' id='word_1_79' title='bbox 577 1388 594 1454; x_wconf 92' lang='lat'><strong><em>6</em></strong></span> <span class='ocrx_word' id='word_1_80' title='bbox 613 1386 841 1474; x_wconf 81' lang='grc' dir='ltr'><strong><em>Ἀριστοτέλης</em></strong></span> <span class='ocrx_word' id='word_1_81' title='bbox 865 1388 902 1454; x_wconf 88' lang='grc' dir='ltr'><strong><em>ἐν</em></strong></span> <span class='ocrx_word' id='word_1_82' title='bbox 924 1398 970 1476; x_wconf 75' lang='grc' dir='ltr'><strong><em>τῷ</em></strong></span> <span class='ocrx_word' id='word_1_83' title='bbox 993 1389 1136 1478; x_wconf 76' lang='grc' dir='ltr'><strong><em>δευτέρῳ</em></strong></span> <span class='ocrx_word' id='word_1_84' title='bbox 1155 1390 1231 1476; x_wconf 83' lang='grc' dir='ltr'><strong><em>περὶ</em></strong></span> 
     </span>
     <span class='ocr_line' id='line_1_12' title="bbox 179 1491 1232 1583; baseline 0 -21"><span class='ocrx_word' id='word_1_85' title='bbox 179 1524 204 1562; x_wconf 92' lang='lat'><strong><em>11</em></strong></span> <span class='ocrx_word' id='word_1_86' title='bbox 218 1494 377 1579; x_wconf 78' lang='grc' dir='ltr'><strong><em>γενέσεως</em></strong></span> <span class='ocrx_word' id='word_1_87' title='bbox 395 1494 450 1560; x_wconf 81' lang='grc' dir='ltr'><strong><em>καὶ</em></strong></span> <span class='ocrx_word' id='word_1_88' title='bbox 469 1502 603 1581; x_wconf 79' lang='grc' dir='ltr'><strong><em>φθορᾶς</em></strong></span> <span class='ocrx_word' id='word_1_89' title='bbox 621 1512 719 1579; x_wconf 82' lang='grc' dir='ltr'><strong><em>φησι·</em></strong></span> <span class='ocrx_word' id='word_1_90' title='bbox 744 1496 832 1580; x_wconf 61' lang='grc' dir='ltr'><strong><em>“μιᾶς</em></strong></span> <span class='ocrx_word' id='word_1_91' title='bbox 850 1491 912 1580; x_wconf 78' lang='grc' dir='ltr'><strong><em>μὲν</em></strong></span> <span class='ocrx_word' id='word_1_92' title='bbox 930 1497 1031 1581; x_wconf 82' lang='grc' dir='ltr'><strong><em>οὔσης</em></strong></span> <span class='ocrx_word' id='word_1_93' title='bbox 1049 1506 1107 1581; x_wconf 82' lang='grc' dir='ltr'><strong><em>τῆς</em></strong></span> <span class='ocrx_word' id='word_1_94' title='bbox 1125 1507 1232 1583; x_wconf 86' lang='grc' dir='ltr'><strong><em>φορᾶς</em></strong></span> 
     </span>
     <span class='ocr_line' id='line_1_13' title="bbox 218 1594 1245 1690; baseline 0.001 -22"><span class='ocrx_word' id='word_1_95' title='bbox 218 1603 279 1668; x_wconf 86' lang='grc' dir='ltr'><strong><em>οὐκ</em></strong></span> <span class='ocrx_word' id='word_1_96' title='bbox 302 1601 468 1686; x_wconf 79' lang='grc' dir='ltr'><strong><em>ἐνδέχεται</em></strong></span> <span class='ocrx_word' id='word_1_97' title='bbox 491 1605 647 1684; x_wconf 74' lang='grc' dir='ltr'><strong><em>γίνεσθαι</em></strong></span> <span class='ocrx_word' id='word_1_98' title='bbox 670 1603 710 1666; x_wconf 84' lang='grc' dir='ltr'><strong><em>τὰ</em></strong></span> <span class='ocrx_word' id='word_1_99' title='bbox 729 1603 837 1686; x_wconf 80' lang='grc' dir='ltr'><strong><em>ἄμφω,</em></strong></span> <span class='ocrx_word' id='word_1_100' title='bbox 860 1599 993 1685; x_wconf 77' lang='grc' dir='ltr'><strong><em>γένεσιν</em></strong></span> <span class='ocrx_word' id='word_1_101' title='bbox 1010 1601 1065 1668; x_wconf 82' lang='grc' dir='ltr'><strong><em>καὶ</em></strong></span> <span class='ocrx_word' id='word_1_102' title='bbox 1085 1594 1245 1690; x_wconf 77' lang='grc' dir='ltr'><strong><em>ιρθοροίν,Ι</em></strong></span> 
     </span>
     <span class='ocr_line' id='line_1_14' title="bbox 218 1703 1232 1794; baseline -0.001 -19"><span class='ocrx_word' id='word_1_103' title='bbox 218 1711 274 1775; x_wconf 79' lang='lat'><strong><em>66</em></strong></span> <span class='ocrx_word' id='word_1_104' title='bbox 296 1711 333 1774; x_wconf 89' lang='grc' dir='ltr'><strong><em>τὸ</em></strong></span> <span class='ocrx_word' id='word_1_105' title='bbox 358 1707 492 1773; x_wconf 79' lang='grc' dir='ltr'><strong><em>ἐναντία</em></strong></span> <span class='ocrx_word' id='word_1_106' title='bbox 515 1703 613 1772; x_wconf 80' lang='grc' dir='ltr'><strong><em>εἶναι·</em></strong></span> <span class='ocrx_word' id='word_1_107' title='bbox 641 1708 678 1772; x_wconf 91' lang='grc' dir='ltr'><strong><em>τὸ</em></strong></span> <span class='ocrx_word' id='word_1_108' title='bbox 706 1709 769 1791; x_wconf 82' lang='grc' dir='ltr'><strong><em>γὰρ</em></strong></span> <span class='ocrx_word' id='word_1_109' title='bbox 794 1707 953 1773; x_wconf 85' lang='grc' dir='ltr'><strong><em>αὐτὸκαὶ</em></strong></span> <span class='ocrx_word' id='word_1_110' title='bbox 975 1710 1131 1786; x_wconf 83' lang='grc' dir='ltr'><strong><em>ὡσαύτως</em></strong></span> <span class='ocrx_word' id='word_1_111' title='bbox 1154 1712 1232 1794; x_wconf 82' lang='grc' dir='ltr'><strong><em>ἔχον</em></strong></span> 
     </span>
     <span class='ocr_line' id='line_1_15' title="bbox 217 1812 1232 1898; baseline 0 -17"><span class='ocrx_word' id='word_1_112' title='bbox 217 1813 328 1881; x_wconf 84' lang='grc' dir='ltr'><strong><em>ἀεὶτὸ</em></strong></span> <span class='ocrx_word' id='word_1_113' title='bbox 353 1814 432 1879; x_wconf 85' lang='grc' dir='ltr'><strong><em>αὐτὸ</em></strong></span> <span class='ocrx_word' id='word_1_114' title='bbox 461 1812 587 1897; x_wconf 83' lang='grc' dir='ltr'><strong><em>πέφυκε</em></strong></span> <span class='ocrx_word' id='word_1_115' title='bbox 614 1824 738 1896; x_wconf 78' lang='grc' dir='ltr'><strong><em>ποιεῖν,</em></strong></span> <span class='ocrx_word' id='word_1_116' title='bbox 771 1815 854 1879; x_wconf 82' lang='grc' dir='ltr'><strong><em>ὥστε</em></strong></span> <span class='ocrx_word' id='word_1_117' title='bbox 885 1816 958 1898; x_wconf 88' lang='grc' dir='ltr'><strong><em>ήτοι</em></strong></span> <span class='ocrx_word' id='word_1_118' title='bbox 985 1813 1113 1897; x_wconf 78' lang='grc' dir='ltr'><strong><em>γένεσίς</em></strong></span> <span class='ocrx_word' id='word_1_119' title='bbox 1141 1815 1232 1882; x_wconf 88' lang='grc' dir='ltr'><strong><em>ἐστιν</em></strong></span> 
     </span>
     <span class='ocr_line' id='line_1_16' title="bbox 177 1915 1230 2006; baseline -0.001 -17"><span class='ocrx_word' id='word_1_120' title='bbox 177 1949 203 1990; x_wconf 84' lang='lat'><strong><em>15</em></strong></span> <span class='ocrx_word' id='word_1_121' title='bbox 218 1919 268 1986; x_wconf 80' lang='grc' dir='ltr'><strong><em>ἀεὶ</em></strong></span> <span class='ocrx_word' id='word_1_122' title='bbox 290 1919 311 2005; x_wconf 89' lang='grc' dir='ltr'><strong><em>ή</em></strong></span> <span class='ocrx_word' id='word_1_123' title='bbox 335 1921 459 2006; x_wconf 74' lang='grc' dir='ltr'><strong><em>φθορά.</em></strong></span> <span class='ocrx_word' id='word_1_124' title='bbox 505 1921 557 1985; x_wconf 74' lang='grc' dir='ltr'><strong><em>δεῖ</em></strong></span> <span class='ocrx_word' id='word_1_125' title='bbox 583 1915 620 1984; x_wconf 76' lang='lat'><strong><em>6</em></strong></span> <span class='ocrx_word' id='word_1_126' title='bbox 646 1924 782 1996; x_wconf 87' lang='grc' dir='ltr'><strong><em>πλείους</em></strong></span> <span class='ocrx_word' id='word_1_127' title='bbox 809 1915 896 1985; x_wconf 82' lang='grc' dir='ltr'><strong><em>εἶναι</em></strong></span> <span class='ocrx_word' id='word_1_128' title='bbox 922 1921 980 1996; x_wconf 75' lang='grc' dir='ltr'><strong><em>τοὶς</em></strong></span> <span class='ocrx_word' id='word_1_129' title='bbox 1007 1924 1153 2006; x_wconf 82' lang='grc' dir='ltr'><strong><em>κινήσεις</em></strong></span> <span class='ocrx_word' id='word_1_130' title='bbox 1175 1921 1230 1988; x_wconf 83' lang='grc' dir='ltr'><strong><em>καὶ</em></strong></span> 
     </span>
     <span class='ocr_line' id='line_1_17' title="bbox 217 2025 1230 2115; baseline 0.002 -23"><span class='ocrx_word' id='word_1_131' title='bbox 217 2027 369 2104; x_wconf 82' lang='grc' dir='ltr'><strong><em>ἐναντίας</em></strong></span> <span class='ocrx_word' id='word_1_132' title='bbox 391 2025 411 2110; x_wconf 85' lang='grc' dir='ltr'><strong><em>ή</em></strong></span> <span class='ocrx_word' id='word_1_133' title='bbox 434 2036 473 2112; x_wconf 81' lang='grc' dir='ltr'><strong><em>τή</em></strong></span> <span class='ocrx_word' id='word_1_134' title='bbox 498 2033 589 2112; x_wconf 80' lang='grc' dir='ltr'><strong><em>φορᾷ</em></strong></span> <span class='ocrx_word' id='word_1_135' title='bbox 614 2025 635 2109; x_wconf 85' lang='grc' dir='ltr'><strong><em>ή</em></strong></span> <span class='ocrx_word' id='word_1_136' title='bbox 658 2036 697 2112; x_wconf 82' lang='grc' dir='ltr'><strong><em>τή</em></strong></span> <span class='ocrx_word' id='word_1_137' title='bbox 726 2026 910 2114; x_wconf 79' lang='grc' dir='ltr'><strong><em>ἀνωμαλίᾳ·</em></strong></span> <span class='ocrx_word' id='word_1_138' title='bbox 945 2039 1013 2092; x_wconf 81' lang='grc' dir='ltr'><strong><em>τῶν</em></strong></span> <span class='ocrx_word' id='word_1_139' title='bbox 1039 2029 1103 2115; x_wconf 78' lang='grc' dir='ltr'><strong><em>γὰρ</em></strong></span> <span class='ocrx_word' id='word_1_140' title='bbox 1135 2028 1230 2094; x_wconf 82' lang='grc' dir='ltr'><strong><em>ἐναν-</em></strong></span> 
     </span>
     <span class='ocr_line' id='line_1_18' title="bbox 176 2132 1230 2265; baseline 0.002 -67"><span class='ocrx_word' id='word_1_141' title='bbox 176 2152 201 2204; x_wconf 82' lang='lat' dir='ltr'>Y</span> <span class='ocrx_word' id='word_1_142' title='bbox 216 2137 297 2198; x_wconf 85' lang='grc' dir='ltr'><strong><em>τίων</em></strong></span> <span class='ocrx_word' id='word_1_143' title='bbox 319 2134 359 2198; x_wconf 75' lang='grc' dir='ltr'><strong><em>τοὶ</em></strong></span> <span class='ocrx_word' id='word_1_144' title='bbox 383 2133 517 2198; x_wconf 80' lang='grc' dir='ltr'><strong><em>ἐναντία</em></strong></span> <span class='ocrx_word' id='word_1_145' title='bbox 540 2138 637 2198; x_wconf 78' lang='grc' dir='ltr'><strong><em>αἴτια.</em></strong></span> <span class='ocrx_word' id='word_1_146' title='bbox 683 2132 736 2197; x_wconf 77' lang='grc' dir='ltr'><strong><em>διὸ</em></strong></span> <span class='ocrx_word' id='word_1_147' title='bbox 765 2133 826 2217; x_wconf 83' lang='grc' dir='ltr'><strong><em>οὐχ</em></strong></span> <span class='ocrx_word' id='word_1_148' title='bbox 849 2132 869 2216; x_wconf 88' lang='grc' dir='ltr'><strong><em>ή</em></strong></span> <span class='ocrx_word' id='word_1_149' title='bbox 889 2135 1005 2265; x_wconf 78' lang='grc' dir='ltr'><strong><em>πρώτη</em></strong></span> <span class='ocrx_word' id='word_1_150' title='bbox 1030 2136 1118 2262; x_wconf 75' lang='grc' dir='ltr'><strong><em>φρρολ</em></strong></span> <span class='ocrx_word' id='word_1_151' title='bbox 1142 2137 1230 2200; x_wconf 87' lang='grc' dir='ltr'><strong><em>αλτία</em></strong></span> 
     </span>
     <span class='ocr_line' id='line_1_19' title="bbox 217 2237 1230 2325; baseline 0.001 -19"><span class='ocrx_word' id='word_1_152' title='bbox 217 2239 285 2306; x_wconf 78' lang='grc' dir='ltr'><strong><em>ἐστὶ</em></strong></span> <span class='ocrx_word' id='word_1_153' title='bbox 318 2238 476 2323; x_wconf 81' lang='grc' dir='ltr'><strong><em>γενέσεως</em></strong></span> <span class='ocrx_word' id='word_1_154' title='bbox 508 2237 562 2304; x_wconf 84' lang='grc' dir='ltr'><strong><em>καλ</em></strong></span> <span class='ocrx_word' id='word_1_155' title='bbox 595 2245 742 2325; x_wconf 80' lang='grc' dir='ltr'><strong><em>φθορᾶς,</em></strong></span> <span class='ocrx_word' id='word_1_156' title='bbox 775 2237 846 2304; x_wconf 81' lang='grc' dir='ltr'><strong><em>ἀλλ’</em></strong></span> <span class='ocrx_word' id='word_1_157' title='bbox 880 2240 900 2324; x_wconf 87' lang='grc' dir='ltr'><strong><em>ή</em></strong></span> <span class='ocrx_word' id='word_1_158' title='bbox 927 2241 1009 2304; x_wconf 83' lang='grc' dir='ltr'><strong><em>κατὰ</em></strong></span> <span class='ocrx_word' id='word_1_159' title='bbox 1040 2241 1100 2307; x_wconf 88' lang='grc' dir='ltr'><strong><em>τὸν</em></strong></span> <span class='ocrx_word' id='word_1_160' title='bbox 1132 2241 1230 2320; x_wconf 87' lang='grc' dir='ltr'><strong><em>λοξὸν</em></strong></span> 
     </span>
     <span class='ocr_line' id='line_1_20' title="bbox 215 2342 1228 2462; baseline 0.001 -50"><span class='ocrx_word' id='word_1_161' title='bbox 215 2348 352 2412; x_wconf 83' lang='grc' dir='ltr'><strong><em>κύκλον·</em></strong></span> <span class='ocrx_word' id='word_1_162' title='bbox 380 2345 417 2411; x_wconf 88' lang='grc' dir='ltr'><strong><em>ἐν</em></strong></span> <span class='ocrx_word' id='word_1_163' title='bbox 443 2346 545 2432; x_wconf 79' lang='grc' dir='ltr'><strong><em>ταύτῃ</em></strong></span> <span class='ocrx_word' id='word_1_164' title='bbox 573 2347 636 2432; x_wconf 74' lang='grc' dir='ltr'><strong><em>γὰρ</em></strong></span> <span class='ocrx_word' id='word_1_165' title='bbox 664 2343 718 2410; x_wconf 82' lang='grc' dir='ltr'><strong><em>καὶ</em></strong></span> <span class='ocrx_word' id='word_1_166' title='bbox 746 2346 784 2410; x_wconf 91' lang='grc' dir='ltr'><strong><em>τὸ</em></strong></span> <span class='ocrx_word' id='word_1_167' title='bbox 813 2342 948 2462; x_wconf 70' lang='grc' dir='ltr'><strong><em>σννεχὲς</em></strong></span> <span class='ocrx_word' id='word_1_168' title='bbox 975 2348 1082 2411; x_wconf 82' lang='grc' dir='ltr'><strong><em>ἔνεστι</em></strong></span> <span class='ocrx_word' id='word_1_169' title='bbox 1108 2345 1164 2412; x_wconf 82' lang='grc' dir='ltr'><strong><em>καὶ</em></strong></span> <span class='ocrx_word' id='word_1_170' title='bbox 1191 2349 1228 2413; x_wconf 92' lang='grc' dir='ltr'><strong><em>τὸ</em></strong></span> 
     </span>
     <span class='ocr_line' id='line_1_21' title="bbox 176 2453 656 2536; baseline 0.004 -21"><span class='ocrx_word' id='word_1_171' title='bbox 176 2476 201 2516; x_wconf 79' lang='grc' dir='ltr'><strong><em>εο</em></strong></span> <span class='ocrx_word' id='word_1_172' title='bbox 215 2459 382 2518; x_wconf 79' lang='grc' dir='ltr'><strong><em>κινεῖσθαι</em></strong></span> <span class='ocrx_word' id='word_1_173' title='bbox 405 2453 467 2518; x_wconf 76' lang='grc' dir='ltr'><strong><em>δύο</em></strong></span> <span class='ocrx_word' id='word_1_174' title='bbox 490 2453 656 2536; x_wconf 75' lang='grc' dir='ltr'><strong><em>κινήσειςῖ</em></strong></span> 
     </span>
     <span class='ocr_line' id='line_1_22' title="bbox 181 2557 1283 2645; baseline 0 -21"><span class='ocrx_word' id='word_1_175' title='bbox 181 2571 199 2624; x_wconf 83' lang='lat' dir='ltr'>S</span> <span class='ocrx_word' id='word_1_176' title='bbox 282 2559 332 2622; x_wconf 85' lang='lat'><strong><em>19</em></strong></span> <span class='ocrx_word' id='word_1_177' title='bbox 353 2557 424 2623; x_wconf 84' lang='grc' dir='ltr'><strong><em>Ὅτι</em></strong></span> <span class='ocrx_word' id='word_1_178' title='bbox 442 2559 460 2625; x_wconf 91' lang='lat'><strong><em>6</em></strong></span> <span class='ocrx_word' id='word_1_179' title='bbox 480 2559 627 2642; x_wconf 79' lang='grc' dir='ltr'><strong><em>ἀπλανὴς</em></strong></span> <span class='ocrx_word' id='word_1_180' title='bbox 646 2559 788 2645; x_wconf 86' lang='grc' dir='ltr'><strong><em>οὐρανὸς</em></strong></span> <span class='ocrx_word' id='word_1_181' title='bbox 808 2559 933 2636; x_wconf 80' lang='grc' dir='ltr'><strong><em>ἁπλοῦς</em></strong></span> <span class='ocrx_word' id='word_1_182' title='bbox 957 2560 1041 2635; x_wconf 85' lang='grc' dir='ltr'><strong><em>ὅλως</em></strong></span> <span class='ocrx_word' id='word_1_183' title='bbox 1059 2561 1237 2645; x_wconf 78' lang='grc' dir='ltr'><strong><em>πρὸςί</em></strong></span> <span class='ocrx_word' id='word_1_184' title='bbox 1160 2571 1237 2625; x_wconf 78' lang='lat' dir='ltr'>deest</span> <span class='ocrx_word' id='word_1_185' title='bbox 1242 2571 1283 2624; x_wconf 82' lang='lat' dir='ltr'><strong><em>Rr</em></strong></span> 
     </span>
     <span class='ocr_line' id='line_1_23' title="bbox 215 2664 1229 2751; baseline 0.003 -23"><span class='ocrx_word' id='word_1_186' title='bbox 215 2673 276 2728; x_wconf 86' lang='grc' dir='ltr'><strong><em>τοῦ</em></strong></span> <span class='ocrx_word' id='word_1_187' title='bbox 298 2665 433 2729; x_wconf 81' lang='grc' dir='ltr'><strong><em>πάντων</em></strong></span> <span class='ocrx_word' id='word_1_188' title='bbox 457 2664 606 2730; x_wconf 79' lang='grc' dir='ltr'><strong><em>ἐπέκεινα</em></strong></span> <span class='ocrx_word' id='word_1_189' title='bbox 629 2667 711 2730; x_wconf 86' lang='grc' dir='ltr'><strong><em>κατὰ</em></strong></span> <span class='ocrx_word' id='word_1_190' title='bbox 733 2666 771 2729; x_wconf 90' lang='grc' dir='ltr'><strong><em>τὸ</em></strong></span> <span class='ocrx_word' id='word_1_191' title='bbox 795 2668 910 2748; x_wconf 81' lang='grc' dir='ltr'><strong><em>λόγιον</em></strong></span> <span class='ocrx_word' id='word_1_192' title='bbox 933 2664 1095 2751; x_wconf 80' lang='grc' dir='ltr'><strong><em>πραχθεὶς</em></strong></span> <span class='ocrx_word' id='word_1_193' title='bbox 1121 2668 1229 2731; x_wconf 83' lang='grc' dir='ltr'><strong><em>πάντα</em></strong></span> 
     </span>
     <span class='ocr_line' id='line_1_24' title="bbox 215 2767 1228 2856; baseline 0.004 -22"><span class='ocrx_word' id='word_1_194' title='bbox 215 2769 364 2853; x_wconf 83' lang='grc' dir='ltr'><strong><em>συνέχων</em></strong></span> <span class='ocrx_word' id='word_1_195' title='bbox 394 2767 449 2834; x_wconf 82' lang='grc' dir='ltr'><strong><em>καὶ</em></strong></span> <span class='ocrx_word' id='word_1_196' title='bbox 480 2772 662 2856; x_wconf 75' lang='grc' dir='ltr'><strong><em>περιδινῶν</em></strong></span> <span class='ocrx_word' id='word_1_197' title='bbox 693 2772 801 2835; x_wconf 80' lang='grc' dir='ltr'><strong><em>πάντα</em></strong></span> <span class='ocrx_word' id='word_1_198' title='bbox 829 2776 916 2837; x_wconf 77' lang='grc' dir='ltr'><strong><em>κινεῖ</em></strong></span> <span class='ocrx_word' id='word_1_199' title='bbox 944 2769 999 2837; x_wconf 82' lang='grc' dir='ltr'><strong><em>καὶ</em></strong></span> <span class='ocrx_word' id='word_1_200' title='bbox 1029 2774 1228 2856; x_wconf 76' lang='grc' dir='ltr'><strong><em>μεταδίδωσι</em></strong></span> 
     </span>
    </p>
   </div>
   <div class='ocr_carea' id='block_1_3' title="bbox 214 2924 1242 3067">
    <p class='ocr_par' dir='ltr' id='par_1_3' title="bbox 214 2924 1242 3067">
     <span class='ocr_line' id='line_1_25' title="bbox 284 2924 1242 2999; baseline 0.005 -20"><span class='ocrx_word' id='word_1_201' title='bbox 284 2945 309 2980; x_wconf 92' lang='lat' dir='ltr'><strong><em>v.</em></strong></span> <span class='ocrx_word' id='word_1_202' title='bbox 329 2931 363 2980; x_wconf 89' lang='grc'><strong><em>10</em></strong></span> <span class='ocrx_word' id='word_1_203' title='bbox 381 2924 547 2981; x_wconf 72' lang='lat' dir='ltr'>Aristoteles</span> <span class='ocrx_word' id='word_1_204' title='bbox 570 2928 635 2996; x_wconf 78' lang='grc' dir='ltr'><strong><em>περὶ</em></strong></span> <span class='ocrx_word' id='word_1_205' title='bbox 657 2924 788 2998; x_wconf 77' lang='grc' dir='ltr'><strong><em>γενέσεως</em></strong></span> <span class='ocrx_word' id='word_1_206' title='bbox 811 2929 858 2982; x_wconf 85' lang='grc' dir='ltr'><strong><em>καλ</em></strong></span> <span class='ocrx_word' id='word_1_207' title='bbox 882 2933 997 2998; x_wconf 79' lang='grc' dir='ltr'><strong><em>φθορᾶς</em></strong></span> <span class='ocrx_word' id='word_1_208' title='bbox 1013 2929 1051 2998; x_wconf 92' lang='grc' dir='ltr'><strong><em>Π,</em></strong></span> <span class='ocrx_word' id='word_1_209' title='bbox 1068 2935 1100 2983; x_wconf 91' lang='grc'><strong><em>10</em></strong></span> <span class='ocrx_word' id='word_1_210' title='bbox 1119 2949 1145 2999; x_wconf 90' lang='lat' dir='ltr'><strong>p</strong></span> <span class='ocrx_word' id='word_1_211' title='bbox 1161 2935 1242 2984; x_wconf 72' lang='lat'>336⁸</span> 
     </span>
     <span class='ocr_line' id='line_1_26' title="bbox 214 2996 449 3067; baseline -0.009 -14"><span class='ocrx_word' id='word_1_212' title='bbox 214 3006 248 3054; x_wconf 75' lang='lat'><strong><em>26</em></strong></span> <span class='ocrx_word' id='word_1_213' title='bbox 259 3017 318 3067; x_wconf 82' lang='lat' dir='ltr'><strong><em>sqq</em></strong></span> <span class='ocrx_word' id='word_1_214' title='bbox 337 2996 449 3051; x_wconf 88' lang='lat' dir='ltr'><strong>Bekker</strong></span> 
     </span>
    </p>
   </div>
   <div class='ocr_carea' id='block_1_4' title="bbox 211 3133 1229 3710">
    <p class='ocr_par' dir='ltr' id='par_1_4' title="bbox 211 3133 1229 3710">
     <span class='ocr_line' id='line_1_27' title="bbox 284 3133 1223 3221; baseline 0.003 -26"><span class='ocrx_word' id='word_1_215' title='bbox 284 3161 308 3196; x_wconf 91' lang='lat' dir='ltr'><strong><em>v.</em></strong></span> <span class='ocrx_word' id='word_1_216' title='bbox 324 3148 341 3195; x_wconf 84' lang='grc'>4</span> <span class='ocrx_word' id='word_1_217' title='bbox 361 3137 403 3195; x_wconf 79' lang='grc' dir='ltr'><strong><em>ὅτι</em></strong></span> <span class='ocrx_word' id='word_1_218' title='bbox 426 3139 451 3194; x_wconf 85' lang='grc' dir='ltr'><strong><em>εί</em></strong></span> <span class='ocrx_word' id='word_1_219' title='bbox 469 3133 554 3210; x_wconf 87' lang='grc' dir='ltr'><strong><em>μία</em></strong></span> <span class='ocrx_word' id='word_1_220' title='bbox 537 3161 573 3209; x_wconf 90' lang='grc' dir='ltr'><strong><em>ην</em></strong></span> <span class='ocrx_word' id='word_1_221' title='bbox 595 3141 613 3211; x_wconf 81' lang='grc' dir='ltr'><em>ἡ</em></span> <span class='ocrx_word' id='word_1_222' title='bbox 636 3140 826 3221; x_wconf 79' lang='grc' dir='ltr'><strong><em>περιφορὰ-</em></strong></span> <span class='ocrx_word' id='word_1_223' title='bbox 841 3146 874 3195; x_wconf 76' lang='grc'><strong><em>17</em></strong></span> <span class='ocrx_word' id='word_1_224' title='bbox 893 3141 928 3195; x_wconf 81' lang='grc' dir='ltr'><strong><em>τὰ</em></strong></span> <span class='ocrx_word' id='word_1_225' title='bbox 947 3140 1061 3197; x_wconf 82' lang='grc' dir='ltr'><strong><em>ἐναντία</em></strong></span> <span class='ocrx_word' id='word_1_226' title='bbox 1080 3141 1157 3197; x_wconf 86' lang='grc' dir='ltr'><strong><em>αίτια</em></strong></span> <span class='ocrx_word' id='word_1_227' title='bbox 1176 3143 1198 3198; x_wconf 78' lang='lat' dir='ltr'><strong><em>S</em></strong></span> <span class='ocrx_word' id='word_1_228' title='bbox 1220 3143 1223 3214; x_wconf 68' lang='grc' dir='ltr'><strong><em>λ</em></strong></span> 
     </span>
     <span class='ocr_line' id='line_1_28' title="bbox 212 3210 1226 3294; baseline -0.001 -26"><span class='ocrx_word' id='word_1_229' title='bbox 212 3211 403 3294; x_wconf 79' lang='grc' dir='ltr'><strong><em>περιφορολ-</em></strong></span> <span class='ocrx_word' id='word_1_230' title='bbox 366 3213 602 3279; x_wconf 79' lang='grc' dir='ltr'><strong><em>-6περιὸινῶν</em></strong></span> <span class='ocrx_word' id='word_1_231' title='bbox 621 3210 699 3266; x_wconf 84' lang='lat' dir='ltr'>omis.</span> <span class='ocrx_word' id='word_1_232' title='bbox 719 3213 748 3265; x_wconf 88' lang='lat' dir='ltr'><em>Y</em></span> <span class='ocrx_word' id='word_1_233' title='bbox 852 3211 914 3267; x_wconf 88' lang='grc' dir='ltr'><strong><em>6τί</em></strong></span> <span class='ocrx_word' id='word_1_234' title='bbox 937 3211 1038 3283; x_wconf 77' lang='grc' dir='ltr'><strong><em>γὰρ-</em></strong></span> <span class='ocrx_word' id='word_1_235' title='bbox 1054 3212 1121 3266; x_wconf 87' lang='grc'><strong><em>10’</em></strong></span> <span class='ocrx_word' id='word_1_236' title='bbox 1107 3233 1147 3268; x_wconf 90' lang='grc' dir='ltr'><strong><em>απ</em></strong></span> <span class='ocrx_word' id='word_1_237' title='bbox 1149 3211 1226 3267; x_wconf 79' lang='grc' dir='ltr'><strong><em>ἀὐ-</em></strong></span> 
     </span>
     <span class='ocr_line' id='line_1_29' title="bbox 212 3280 1223 3357; baseline 0 -19"><span class='ocrx_word' id='word_1_238' title='bbox 212 3295 268 3340; x_wconf 85' lang='grc' dir='ltr'><strong><em>τῶν</em></strong></span> <span class='ocrx_word' id='word_1_239' title='bbox 287 3284 365 3340; x_wconf 73' lang='grc' dir='ltr'><strong><em>οιαίε.</em></strong></span> <span class='ocrx_word' id='word_1_240' title='bbox 385 3283 413 3338; x_wconf 88' lang='lat' dir='ltr'><strong><em>Y</em></strong></span> <span class='ocrx_word' id='word_1_241' title='bbox 483 3289 516 3336; x_wconf 91' lang='lat'><strong><em>10</em></strong></span> <span class='ocrx_word' id='word_1_242' title='bbox 535 3280 673 3353; x_wconf 71' lang='grc' dir='ltr'><strong><em>αὗταιγὰρ</em></strong></span> <span class='ocrx_word' id='word_1_243' title='bbox 689 3282 745 3354; x_wconf 90' lang='lat'><strong><em>6]</em></strong></span> <span class='ocrx_word' id='word_1_244' title='bbox 731 3285 829 3345; x_wconf 86' lang='grc' dir='ltr'><strong><em>ωςκαλ</em></strong></span> <span class='ocrx_word' id='word_1_245' title='bbox 844 3285 873 3337; x_wconf 88' lang='lat' dir='ltr'><em>Y</em></span> <span class='ocrx_word' id='word_1_246' title='bbox 940 3290 972 3338; x_wconf 90' lang='lat'><strong><em>11</em></strong></span> <span class='ocrx_word' id='word_1_247' title='bbox 993 3302 1062 3354; x_wconf 81' lang='grc' dir='ltr'><strong><em>φησι</em></strong></span> <span class='ocrx_word' id='word_1_248' title='bbox 1076 3302 1154 3340; x_wconf 74' lang='lat' dir='ltr'>omls</span> <span class='ocrx_word' id='word_1_249' title='bbox 1174 3285 1223 3357; x_wconf 72' lang='grc' dir='ltr'><strong><em>Υή</em></strong></span> 
     </span>
     <span class='ocr_line' id='line_1_30' title="bbox 213 3351 1226 3447; baseline 0 -38"><span class='ocrx_word' id='word_1_250' title='bbox 213 3359 327 3446; x_wconf 74' lang='grc' dir='ltr'><strong><em>φθορᾶς</em></strong></span> <span class='ocrx_word' id='word_1_251' title='bbox 340 3356 374 3424; x_wconf 90' lang='grc' dir='ltr'><strong><em>Υ,</em></strong></span> <span class='ocrx_word' id='word_1_252' title='bbox 394 3354 520 3425; x_wconf 68' lang='grc' dir='ltr'><strong><em>φορᾶςδ</em></strong></span> <span class='ocrx_word' id='word_1_253' title='bbox 537 3371 600 3406; x_wconf 83' lang='lat' dir='ltr'><strong><em>eum</em></strong></span> <span class='ocrx_word' id='word_1_254' title='bbox 614 3353 765 3408; x_wconf 71' lang='lat' dir='ltr'><strong>Aristotele</strong></span> <span class='ocrx_word' id='word_1_255' title='bbox 839 3361 870 3407; x_wconf 79' lang='lat'><strong><em>12</em></strong></span> <span class='ocrx_word' id='word_1_256' title='bbox 890 3351 1021 3425; x_wconf 73' lang='grc' dir='ltr'><strong><em>γίνεσθαι</em></strong></span> <span class='ocrx_word' id='word_1_257' title='bbox 1039 3357 1072 3425; x_wconf 94' lang='grc' dir='ltr'><strong><em>Υ,</em></strong></span> <span class='ocrx_word' id='word_1_258' title='bbox 1092 3353 1226 3447; x_wconf 74' lang='grc' dir='ltr'><strong><em>ρενέοθαι</em></strong></span> 
     </span>
     <span class='ocr_line' id='line_1_31' title="bbox 213 3376 1225 3507; baseline -0.001 -26"><span class='ocrx_word' id='word_1_259' title='bbox 213 3426 241 3493; x_wconf 78' lang='lat' dir='ltr'><strong><em>S,</em></strong></span> <span class='ocrx_word' id='word_1_260' title='bbox 254 3399 408 3506; x_wconf 54' lang='lat'>,727666012</span> <span class='ocrx_word' id='word_1_261' title='bbox 426 3426 511 3480; x_wconf 75' lang='lat' dir='ltr'><strong>Arist.</strong></span> <span class='ocrx_word' id='word_1_262' title='bbox 528 3425 583 3496; x_wconf 65' lang='lat'><strong><em>116</em></strong></span> <span class='ocrx_word' id='word_1_263' title='bbox 602 3424 680 3480; x_wconf 85' lang='lat' dir='ltr'>omis</span> <span class='ocrx_word' id='word_1_264' title='bbox 695 3424 780 3479; x_wconf 75' lang='lat' dir='ltr'><strong>An&#39;st.</strong></span> <span class='ocrx_word' id='word_1_265' title='bbox 797 3428 834 3497; x_wconf 73' lang='lat' dir='ltr'><strong><em>ly</em></strong></span> <span class='ocrx_word' id='word_1_266' title='bbox 836 3376 925 3480; x_wconf 83' lang='grc' dir='ltr'><strong><em>ἐνεσιν</em></strong></span> <span class='ocrx_word' id='word_1_267' title='bbox 943 3428 992 3481; x_wconf 84' lang='grc' dir='ltr'><strong><em>καλ</em></strong></span> <span class='ocrx_word' id='word_1_268' title='bbox 994 3431 1127 3507; x_wconf 75' lang='grc' dir='ltr'><strong><em>Ιφθοραν</em></strong></span> <span class='ocrx_word' id='word_1_269' title='bbox 1146 3445 1225 3482; x_wconf 80' lang='lat' dir='ltr'><strong>omls.</strong></span> 
     </span>
     <span class='ocr_line' id='line_1_32' title="bbox 212 3447 1226 3568; baseline 0.004 -20"><span class='ocrx_word' id='word_1_270' title='bbox 212 3469 297 3550; x_wconf 78' lang='lat' dir='ltr'>A’rist.</span> <span class='ocrx_word' id='word_1_271' title='bbox 360 3503 392 3550; x_wconf 85' lang='lat'><strong><em>13</em></strong></span> <span class='ocrx_word' id='word_1_272' title='bbox 413 3497 428 3552; x_wconf 79' lang='grc' dir='ltr'><strong><em>ἐ</em></strong></span> <span class='ocrx_word' id='word_1_273' title='bbox 426 3518 482 3568; x_wconf 83' lang='grc' dir='ltr'><strong><em>χιον</em></strong></span> <span class='ocrx_word' id='word_1_274' title='bbox 500 3498 530 3552; x_wconf 90' lang='lat' dir='ltr'><em>D</em></span> <span class='ocrx_word' id='word_1_275' title='bbox 593 3502 626 3552; x_wconf 79' lang='lat'><strong><em>14</em></strong></span> <span class='ocrx_word' id='word_1_276' title='bbox 646 3495 761 3550; x_wconf 76' lang='grc' dir='ltr'><strong><em>ὥστε-</em></strong></span> <span class='ocrx_word' id='word_1_277' title='bbox 777 3502 810 3550; x_wconf 87' lang='lat'><strong><em>15</em></strong></span> <span class='ocrx_word' id='word_1_278' title='bbox 817 3447 928 3565; x_wconf 58' lang='grc' dir='ltr'><strong><em>γφθοροί</em></strong></span> <span class='ocrx_word' id='word_1_279' title='bbox 947 3497 1024 3552; x_wconf 77' lang='lat' dir='ltr'>omis</span> <span class='ocrx_word' id='word_1_280' title='bbox 1044 3499 1067 3552; x_wconf 75' lang='lat' dir='ltr'><strong><em>S</em></strong></span> <span class='ocrx_word' id='word_1_281' title='bbox 1129 3503 1161 3552; x_wconf 81' lang='lat'><strong><em>15</em></strong></span> <span class='ocrx_word' id='word_1_282' title='bbox 1181 3499 1226 3552; x_wconf 80' lang='grc' dir='ltr'><strong><em>ἀελ</em></strong></span> 
     </span>
     <span class='ocr_line' id='line_1_33' title="bbox 213 3565 1229 3636; baseline 0.004 -14"><span class='ocrx_word' id='word_1_283' title='bbox 213 3567 287 3622; x_wconf 79' lang='grc' dir='ltr'><strong><em>ἐσται</em></strong></span> <span class='ocrx_word' id='word_1_284' title='bbox 310 3567 395 3622; x_wconf 76' lang='lat' dir='ltr'><strong>Arist.</strong></span> <span class='ocrx_word' id='word_1_285' title='bbox 487 3575 519 3622; x_wconf 80' lang='lat'><strong><em>17</em></strong></span> <span class='ocrx_word' id='word_1_286' title='bbox 544 3567 621 3622; x_wconf 87' lang='grc' dir='ltr'><strong><em>αίτια</em></strong></span> <span class='ocrx_word' id='word_1_287' title='bbox 644 3567 678 3623; x_wconf 80' lang='grc' dir='ltr'><strong><em>τὰ</em></strong></span> <span class='ocrx_word' id='word_1_288' title='bbox 703 3565 817 3624; x_wconf 87' lang='grc' dir='ltr'><strong><em>ἐναντία</em></strong></span> <span class='ocrx_word' id='word_1_289' title='bbox 845 3568 882 3636; x_wconf 91' lang='grc' dir='ltr'><strong><em>Υ,</em></strong></span> <span class='ocrx_word' id='word_1_290' title='bbox 911 3567 945 3621; x_wconf 79' lang='grc' dir='ltr'><strong><em>τὰ</em></strong></span> <span class='ocrx_word' id='word_1_291' title='bbox 969 3567 1084 3624; x_wconf 82' lang='grc' dir='ltr'><strong><em>ἐναντία</em></strong></span> <span class='ocrx_word' id='word_1_292' title='bbox 1110 3569 1229 3628; x_wconf 67' lang='grc' dir='ltr'><strong><em>αίτιαΒ</em></strong></span> 
     </span>
     <span class='ocr_line' id='line_1_34' title="bbox 211 3638 1168 3710; baseline 0.002 -19"><span class='ocrx_word' id='word_1_293' title='bbox 211 3638 296 3693; x_wconf 76' lang='lat' dir='ltr'>Arist.</span> <span class='ocrx_word' id='word_1_294' title='bbox 277 3638 379 3710; x_wconf 67' lang='grc' dir='ltr'><strong><em>λήδιὸ</em></strong></span> <span class='ocrx_word' id='word_1_295' title='bbox 398 3641 446 3693; x_wconf 86' lang='grc' dir='ltr'><strong><em>καλ</em></strong></span> <span class='ocrx_word' id='word_1_296' title='bbox 465 3641 515 3710; x_wconf 79' lang='grc' dir='ltr'><strong><em>οὐχ</em></strong></span> <span class='ocrx_word' id='word_1_297' title='bbox 534 3639 617 3694; x_wconf 80' lang='lat' dir='ltr'>Arist.</span> <span class='ocrx_word' id='word_1_298' title='bbox 692 3645 725 3692; x_wconf 82' lang='lat'><strong><em>22</em></strong></span> <span class='ocrx_word' id='word_1_299' title='bbox 744 3640 902 3709; x_wconf 75' lang='grc' dir='ltr'><strong><em>παραχθεὶς</em></strong></span> <span class='ocrx_word' id='word_1_300' title='bbox 920 3639 990 3694; x_wconf 79' lang='lat' dir='ltr'>coni.</span> <span class='ocrx_word' id='word_1_301' title='bbox 1011 3639 1062 3695; x_wconf 66' lang='grc' dir='ltr'><strong><em>(λιι</em></strong></span> <span class='ocrx_word' id='word_1_302' title='bbox 1082 3639 1168 3696; x_wconf 85' lang='lat' dir='ltr'><strong>Kroll</strong></span> 
     </span>
    </p>
   </div>
   <div class='ocr_carea' id='block_1_5' title="bbox 0 0 1400 4214">
    <p class='ocr_par' dir='ltr' id='par_1_5' title="bbox 0 0 1400 4214">
     <span class='ocr_line' id='line_1_35' title="bbox 0 0 1400 4214; baseline 0 3"><span class='ocrx_word' id='word_1_303' title='bbox 0 0 1400 4214; x_wconf 95' lang='lat' dir='ltr'><strong><em> </em></strong></span> 
     </span>
    </p>
   </div>
  </div>
 </body>
</html>
