2790 4214
218 203 260 268 88
444 204 553 258 ειεωιι
571 202 746 268 QUARTUS.
773 161 1000 258 εοεειολοωε

176 377 202 431 X
217 371 290 443 λίας
312 366 516 451 ἡγησαμένη,
543 364 599 430 καί
627 366 688 431 οὐκ
714 365 815 450 αὐτῆς
837 369 940 450 μόνης
963 365 1046 431 ἀλλὰ
1069 363 1124 430 καὶ
1147 369 1231 449 ζωῆς

217 472 332 556 αὐτῆς,
365 471 639 558 μεταπεμψαμένη
668 474 746 548 τοὺς
776 470 894 556 ἑαυτῆς
925 471 1161 556 ἀφηγησαμένη
1193 495 1229 536 τε

216 582 287 662 τήν,
315 585 383 661 είγε
411 581 475 664 ἄρα
499 579 668 663 ἐβούλετο,
698 581 881 645 λανθάνειν
908 577 1098 662 δυναμένην
1126 577 1230 664 διμοιρ-

215 688 300 770 τίαν,
322 684 442 769 ἑαυτὴν
459 688 635 772 παρόντων
653 697 720 750 των
738 693 796 768 της
814 681 1033 772 σωφροσύνης
1051 686 1232 772 μαρτύρων

190 790 392 876 ιάπέσφαξε.
436 803 576 857 κινεῖται
604 787 666 857 οὖν
695 792 713 857 6
743 794 847 875 δῆμος
873 793 956 878 πρὸς
983 801 1081 857 τοῦτο
1107 789 1163 856 καί
1190 792 1228 856 τὸ

218 909 314 983 μῖσος
336 908 396 964 τοῦ
419 899 587 986 τυράννου
607 909 847 985 προσεποιεῖτο,
870 947 966 963 .....
982 923 1032 962 ...
1056 897 1093 975 ὃς
1111 896 1229 984 δραξά-

216 1029 315 1090 μενος
335 1015 454 1091 καιροῦ
476 1005 604 1089 ηγεῖται
626 1013 686 1071 τοῦ
703 1004 882 1089 Ῥωμαϊκοῦ
909 1006 1016 1089 δημου
1040 1002 1095 1070 καί
1119 1026 1249 1090 παρω-’

216 1118 327 1178 δεῖται
358 1122 416 1196 τῆς
447 1116 615 1197 βασιλείας
646 1113 705 1178 τὸν
739 1112 934 1198 Ταρκύνιον.
984 1110 1123 1196 ἐτιμήθη
1156 1105 1229 1193 οὖν,

217 1219 261 1295 ὡς
285 1217 450 1303 ἐλέγομεν,
472 1221 561 1306 παρὰ
584 1229 655 1296 ταῖς
673 1218 840 1303 Ῥωμαίων
862 1216 1015 1301 γυναιξὶν
1038 1218 1056 1283 6
1080 1221 1229 1303 Βροῦτος

177 1352 203 1390 ιο
216 1327 297 1410 μετὰ
323 1326 475 1392 θάνατον
503 1327 649 1413 δημοσίῳ
676 1323 810 1408 πένθει,
843 1317 897 1390 οἷα
925 1327 1054 1402 ἔκδικος
1080 1333 1138 1408 τῆς
1166 1341 1229 1388 σω-

218 1433 407 1520 φροσύνης·
441 1430 496 1497 καί
528 1432 679 1517 Βρούτοις
712 1429 830 1508 εἀυτδις
860 1431 977 1515 ἠξίουν
1008 1431 1229 1514 ὀνομάζεσθαι

216 1538 299 1624 πρὸς
322 1539 421 1623 τιμην
444 1538 607 1625 Βρούτον.

284 1643 334 1708 30.
355 1643 548 1732 Βέρνακλον
561 1645 621 1709 τὸν
635 1646 797 1738 δημόσμον
810 1643 942 1728 οἰκέτην
956 1645 986 1710 οἰ
998 1644 1149 1728 Ῥωμαῖοι
1158 1653 1286 1710 erV25

216 1755 384 1815 καλοῦσιν.
426 1750 539 1833 ἐπειδὴ
558 1752 605 1826 εἰς
622 1761 710 1835 τρεῖς
728 1753 846 1837 μοίρας
865 1751 882 1816 6
897 1749 1072 1832 Ῥωμαϊκὸς
1091 1749 1228 1838 διῄρητο

177 1880 203 1921 ιε
219 1856 332 1940 δῆμος,
363 1859 500 1942 τρίβους
530 1856 550 1939 ἡ
584 1856 673 1939 φυλὴ
700 1854 776 1942 παρ’
803 1855 916 1932 αὐτοῖς
946 1857 1142 1941 ὠνομάσθη,
1174 1857 1229 1923 καί

216 1965 389 2048 τριβούνοι
412 1964 446 2027 οἰ
468 1963 638 2049 δήμαρχοι.
684 1960 823 2047 φροντίς
844 1959 883 2027 δέ
905 1958 948 2046 ην
971 1962 1083 2040 αὐτοῖς
1101 1972 1159 2046 τῆς
1178 1965 1229 2028 ίπ-

216 2067 410 2153 ποδρομίας,
434 2067 478 2144 ὡς
501 2067 681 2132 ἐπιτελοῖτο
704 2070 950 2153 προσηκόντως·
972 2067 1028 2133 καί
1051 2070 1107 2134 διδ
1130 2079 1228 2136 τοῦτο

218 2177 396 2260 τριβούνος
418 2176 466 2240 ἐτι
489 2172 544 2239 καί
567 2183 632 2238 νῦν
653 2173 781 2257 ἡγεῖται
801 2185 868 2239 τῶν
885 2176 1132 2260 βολουπτοίτων,
1155 2173 1229 2241 ἀντὶ

176 2292 203 2346 Y
216 2290 277 2346 τοῦ
300 2291 367 2346 τῶν
385 2279 540 2367 τέρψεων.
586 2281 637 2346 ὅτι
656 2280 747 2364 ἀγὼν
765 2278 820 2345 καί
838 2280 965 2363 ἀγωνία
982 2281 1000 2347 6
1019 2285 1119 2358 τόπος
1137 2281 1188 2348 λέ-
1202 2294 1282 2348 11125

177 2415 204 2454 εο
218 2411 310 2470 γεται
333 2389 390 2452 διὰ
412 2388 449 2453 τὸ
471 2386 676 2474 κυκλοτερές,
698 2389 787 2474 παρὰ
806 2388 843 2452 τὸ
862 2388 906 2471 μὴ
925 2390 1014 2471 ἐχειν
1031 2393 1167 2472 γωνίαν,
1190 2385 1229 2472 ἧς

217 2495 264 2570 εἰς
287 2493 393 2559 τύπον
415 2492 470 2559 καὶ
494 2494 651 2578 στέφανοι
674 2499 882 2580 κυκλοτερεῖς
904 2505 974 2571 τοῖς
996 2507 1134 2561 νικῶσιν
1158 2495 1229 2561 ἐπε-

216 2603 360 2665 τίθεντο.
416 2602 448 2666 οἰ
480 2596 517 2665 δέ
548 2611 637 2686 τρεῖς
668 2598 780 2683 ὀβελοὶ
812 2602 873 2683 την
903 2605 1092 2687 τρίστοιχον
1124 2603 1229 2686 φύσιν

216 2709 389 2790 δηλοῦσιν,
411 2706 533 2783 ύδατος
559 2707 665 2792 πυρὸς
687 2715 759 2789 γης·
787 2705 836 2771 ἐπ’
860 2707 971 2772 αὐτῶν
997 2709 1061 2794 γὰρ
1088 2706 1143 2773 καί
1170 2711 1228 2793 μό-

217 2838 287 2879 νων
309 2813 327 2878 δ
350 2813 496 2890 θάνατος
518 2814 579 2896 την
601 2811 770 2897 ἐνέργειαν
788 2815 862 2897 ἔχει.
900 2815 983 2879 ὅθεν
1000 2812 1055 2879 καί
1073 2817 1227 2901 τρικάρη-

177 2946 204 2988 εε
218 2945 280 2988 νον
312 2920 330 2985 6
358 2925 467 3004 μῦθος
496 2920 613 2985 δίδωσι
646 2928 692 3007 τῷ
720 2921 898 2985 Πλούτωνι
929 2923 1028 3004 κύνα,
1061 2919 1135 2987 ἀντὶ
1168 2929 1255 2987 τούκ

288 3168 312 3204 v.
329 3155 343 3201 1
363 3149 411 3204 καί
434 3150 497 3220 οἰκ]
521 3149 569 3202 καί
592 3146 669 3202 nmio.
689 3149 717 3201 B
799 3149 965 3203 Glacunam
987 3148 1089 3203 statuit
1109 3149 1161 3205 sch
1177 3151 1181 3220 Ι
1197 3147 1229 3212 ὃς

217 3221 253 3289 Α,
273 3221 310 3282 ὡς
327 3221 355 3274 Β
428 3217 612 3289 ῖῬωμαῖκοῦ
631 3218 709 3273 omis.
729 3220 757 3273 B
838 3225 872 3272 13
891 3220 925 3274 cf.
945 3220 979 3273 de
998 3219 1124 3290 magistr.
1143 3221 1226 3289 L44:

218 3289 369 3360 δημοσίους
386 3290 418 3346 δὲ
437 3288 546 3351 οἰκέτας
563 3289 633 3358 πρὸς
650 3288 804 3359 ὑπηρεσίαν
823 3287 908 3361 εἰχον,
925 3291 975 3353 οὓς
993 3289 1110 3346 ἐκάλουν
1128 3290 1228 3362 βερνοί·

218 3365 313 3423 κλους·
332 3360 460 3432 σημαίνει
478 3359 510 3415 δὲ
527 3359 651 3429 τούνομα
668 3361 734 3423 τούς
752 3361 903 3432 οἰκογενεῖς
921 3359 1030 3424 οἰκέτας
1102 3367 1135 3415 15
1154 3361 1227 3430 φυλὴ

217 3440 294 3486 πᾶσα
312 3431 380 3500 παρ’
402 3435 430 3487 Β
502 3436 536 3486 18
559 3431 755 3503 βολουπτάτων
773 3434 809 3502 Α,
837 3431 868 3486 in
893 3449 981 3504 marg.
1005 3429 1164 3502 ᾇουσσύτων
1187 3434 1225 3504 Α,

215 3499 404 3627 ἐβθβμμοάγὶβον
416 3522 486 3574 -p.
502 3509 570 3571 89,3
586 3500 712 3572 ἀγωνίαν
726 3502 871 3560 ἐπετέλουν
889 3505 923 3573 Υ,
942 3503 1020 3559 omis,
1035 3505 1067 3557 X
1120 3509 1152 3556 21
1169 3503 1228 3557 ἐπι-
