2790 4214
408 287 517 342 LIBER
536 285 711 351 QUARTUS.
739 285 937 340 IANUARIUS
1137 284 1178 348 79

169 449 404 535 ἐξεβλάστησεν
435 450 587 536 ἀριθμός.
641 449 750 516 ἰστέον
782 447 819 515 δέ
850 451 931 515 κατὰ
963 448 1087 532 ταύτην
1118 449 1179 532 την
1193 443 1220 496 Χ

167 554 294 641 ἡμέραν
325 559 403 632 τοὺς
435 556 572 640 ἐρίφους
602 557 744 622 δύεσθαι
777 554 831 621 καὶ
866 557 992 640 τροπὴν
1024 559 1178 638 γίνεσθαι

168 663 249 728 κατά
274 667 451 729 Φίλιππον.

113 779 237 834 RrIV14
306 770 356 832 18.
380 769 454 855 Πρὸ
482 768 658 834 δεκαπέντε
681 770 863 834 Καλενδῶν
892 769 1132 854 Φεβρουαρίων
1159 769 1177 835 6

168 878 377 962 Δημόκριτος
409 873 497 957 λέχει
530 875 672 940 δύεσθαι
703 877 762 941 τὸν
794 877 935 960 δελφῖνα
965 873 1021 940 καί
1050 876 1204 962 τροπὴνο

167 984 211 1060 ὡς
235 981 288 1048 ἐπὶ
310 984 397 1048 πολὺ
420 986 584 1064 γίνεσθαι,

232 1090 298 1176 πρὸ
339 1090 520 1174 δεκατριῶν
559 1089 742 1153 Καλενδῶν
784 1091 1022 1174 Φεβρουαρίων
1062 1088 1080 1154 6
1117 1085 1178 1172 μὲν

165 1195 350 1280 Εκλκτήμων
372 1195 432 1260 τὸν
453 1204 612 1280 καρκίνον
634 1194 786 1276 δύεσθαι,
809 1192 827 1258 6
851 1191 888 1259 δὲ
906 1196 1101 1269 Κάλλιππος
1119 1196 1178 1259 τὸν

165 1304 332 1388 ὑδροχόον
366 1300 514 1385 ἀνίσχειν
546 1299 650 1382 λέγει,
686 1299 727 1364 ὃν
756 1304 974 1366 Δευκαλίωνα
999 1299 1178 1385 Ἵππαρχος

167 1415 260 1474 καλεῖ
274 1457 281 1473 .
297 1457 325 1472 ..
349 1410 487 1490 βησσαις
509 1404 564 1471 καὶ
587 1406 767 1490 χαράδραις
790 1417 856 1470 τῶν
879 1406 976 1492 δρῶν.
1190 1428 1216 1466 10

232 1515 296 1599 κρὸ
321 1512 463 1577 δεκαδύο
486 1513 669 1577 Καλενδῶν
689 1514 929 1597 Φεβρουαρίων
947 1511 1095 1590 Εὔδοξος
1117 1514 1177 1579 τὸν

165 1621 332 1705 ὑδροχόον
355 1617 504 1703 ἀνίσχειν
526 1617 622 1700 λέχει.

231 1726 296 1811 πρὸ
329 1726 484 1809 δεκαμιάς
511 1725 693 1790 Καλενδῶν
723 1728 963 1811 Φεβρουαρίων
989 1727 1049 1790 τὸν
1080 1727 1176 1808 η’λιον

165 1829 203 1896 ἐν
229 1831 380 1917 ὑδροχόρε
408 1829 566 1913 γενέσθαι
594 1831 611 1897 6
638 1834 768 1917 Καῖσαρ
791 1830 893 1915 λέγει,
925 1832 943 1897 6
968 1828 1005 1898 δὲ
1027 1831 1176 1911 Εὔδοξος

165 1937 314 2022 ἀνίσχειν
336 1937 439 2003 αὐτὸν
460 1936 515 2003 καὶ
538 1939 661 2023 βροχάς
683 1941 869 2023 σημαίνειν·
891 1947 930 2024 τῇ
954 1935 991 2004 δέ
1013 1940 1078 2025 πρὸ
1097 1938 1175 2005 δέκα
1189 1955 1214 1998 15

163 2044 346 2109 Καλενδῶν
381 2047 619 2129 Φεβρουαρίων
651 2043 668 2109 6
698 2047 907 2130 Δημόκριτος
943 2047 1066 2130 ἄνεμον
1097 2048 1175 2129 λίβα

163 2160 304 2216 πνεῦσαι
327 2147 423 2231 λέγει.

109 2268 190 2322 11123
234 2258 284 2322 19.
306 2254 377 2320 Ὅτι
398 2255 523 2338 Φάβιος
546 2255 563 2321 6
587 2258 768 2340 βουλευτὴς
789 2257 1011 2339 κατεδικάσθη
1036 2257 1098 2321 ὑπὸ
1117 2266 1175 2340 τῆς
1188 2269 1214 2322 Y

163 2366 301 2447 βουλῆς,
329 2361 380 2426 ὅτι
406 2363 495 2446 παρὰ
518 2362 577 2425 τὸν
600 2361 821 2448 διωρισμένον
842 2370 888 2450 τῷ
911 2365 1001 2450 νόμῳ
1025 2364 1174 2448 ἄργυρον

163 2469 332 2534 ἐδείκνυτο
350 2466 553 2552 κεκτημένος.
587 2464 666 2534 οὐδὲ
684 2471 746 2554 γάρ
766 2467 876 2554 ἐφεῖτο
894 2471 983 2554 παρά
1000 2471 1061 2553 τὴν
1079 2469 1175 2548 ἀξίαν
1188 2489 1214 2531 εο

161 2578 344 2658 κεκτῆσθαί
374 2598 456 2658 τινι,
499 2573 569 2640 ἀλλ’
608 2571 688 2640 οὐδὲ
726 2585 843 2660 σηρικῇ
859 2582 1022 2664 Ιχρῆσθαι
1057 2574 1173 2661 ἐσθῆτι

161 2691 232 2757 τοῖς
253 2689 401 2765 τυχοῦσι,
423 2679 486 2746 κάν
509 2682 646 2767 εὔποροι
669 2677 747 2765 εἷεν,
769 2685 885 2767 μόνοις
908 2679 945 2747 δὲ
967 2693 1037 2760 τοῖς
1058 2704 1173 2769 πατρι-

161 2793 246 2864 κίοις
268 2797 366 2854 τοῦτο
389 2787 457 2853 κατ’
486 2787 653 2871 ἐξαίρετον
675 2788 880 2872 άνενήνεκτο.

231 3034 255 3070 v.
272 3021 288 3067 3
302 3015 450 3084 Philippus
463 3015 649 3070 Wachsmuth
669 3016 703 3070 de
723 3019 774 3071 osb.
789 3035 816 3087 p.
831 3023 883 3071 295
897 3035 937 3072 nr.
953 3024 969 3071 3
1042 3024 1058 3072 5
1072 3017 1172 3071 Demo-

161 3086 247 3141 oribus
270 3085 339 3140 ibid.
357 3105 398 3140 nr.
419 3094 436 3141 4
543 3087 712 3142 8Eucbem0
736 3087 879 3158 Callippus
902 3087 1079 3158 Hipparchus
1102 3087 1170 3142 ibid.

159 3175 200 3212 nr.
217 3163 232 3211 ὅ
306 3163 338 3210 11
357 3157 490 3212 Eudoxus
508 3157 577 3213 ibid.
591 3176 632 3212 nr.
648 3165 663 3213 6
738 3165 771 3212 14
790 3159 891 3214 Caesar
910 3162 938 3213 eb
951 3160 1083 3214 Eudoxus
1101 3157 1169 3212 ibid.

159 3247 199 3282 nr.
218 3235 232 3282 7
307 3235 339 3282 16
359 3227 534 3284 Democritus
553 3229 621 3284 ibid.
641 3248 667 3299 p.
683 3236 735 3283 296
752 3247 794 3284 nr.
810 3235 826 3283 8

230 3447 244 3507 ξ
260 3447 293 3496 18
313 3441 417 3511 singuli
436 3441 495 3496 dies
514 3441 570 3496 suis
589 3442 714 3498 versibus
734 3443 863 3497 distinxit
882 3444 914 3497 X
1001 3461 1025 3496 v.
1042 3447 1075 3494 10
1093 3440 1170 3494 lacu-

158 3528 244 3566 unam
262 3512 385 3566 indicavi
462 3519 494 3566 11
514 3513 627 3579 ἔνδοξος
644 3516 673 3569 Β
753 3520 785 3568 13
805 3511 999 3586 φεβρουαρίων
1018 3511 1096 3568 οωίε.
1115 3513 1168 3585 ΑΙ

159 3581 238 3651 ἥλιον
251 3582 377 3654 ὑδροχόω
391 3584 428 3651 Α,
443 3583 473 3639 ἐν
488 3584 551 3638 add.
565 3587 604 3656 A²
620 3584 651 3638 in
664 3603 751 3655 marg.
809 3592 841 3639 18
858 3583 1005 3656 βάφιοςΡ
1057 3590 1089 3638 19
1104 3585 1169 3655 βου-

162 3657 210 3724 λῆς
228 3658 278 3710 cei.
299 3655 356 3709 des.
375 3656 405 3709 D
422 3657 426 3725 Ι
442 3654 531 3728 παρὰ]
550 3657 614 3725 περὶ
634 3657 657 3711 0
