2760 4234
395 297 504 352 LIBER
522 296 698 363 QUARTUS.
725 298 844 354 IULIUS
1064 300 1127 364 145

117 470 184 545 γῆν
202 462 363 544 οἰκοῦσιν,
382 461 450 526 ὅτε
468 462 613 547 άργυρος
631 461 700 528 κατ’
719 461 847 528 ἐκεῖνον
860 463 920 528 τὸν
932 464 1036 528 τόπον
1049 461 1129 528 ἀπο·
1142 473 1168 528 X

116 571 328 653 μολυβοὺται
349 565 406 632 καί
433 567 572 653 οὐδεμία
598 568 662 652 ὑλη
691 569 752 634 οὐκ
779 567 987 652 ἀποτηκεται·
1020 570 1128 646 άλλως

116 671 156 740 δέ
177 675 322 750 πολλοὺς
345 669 432 739 εἰναι
453 677 621 760 ποταμοὺς
649 673 856 760 ἐκκειμένους
882 682 929 762 τῷ
950 677 1051 764 νότῳ,
1080 669 1128 740 ὧν

116 779 240 846 οὑδένα
270 779 400 866 δρῶμεν
430 785 546 867 καίπερ
579 780 825 868 ὑπερκειμένων
856 780 945 866 ὀρῶν
977 787 1128 867 πλημμυ-

115 895 242 973 ροῦντα
262 893 308 975 τῷ
326 884 429 973 θέρει.
469 886 672 972 Εὐθυμένης
692 884 730 954 δέ
747 887 766 954 ὑ
784 887 1028 972 Μασσαλιώτης
1046 886 1128 973 φησί
1154 915 1168 956 ο

116 994 314 1059 διαπλεῦσαι
341 995 403 1077 τὴν
425 992 640 1078 Ἀτλαντικὴν
666 995 851 1078 θάλατταν,
880 993 912 1073 ἐξ
939 993 1065 1078 ἐκείνης
1092 1017 1127 1059 τε

116 1100 203 1165 ἰδεῖν
225 1100 285 1164 τὸν
307 1103 434 1166 Νεῖλον
457 1099 651 1186 ἐκτρέχοντα
677 1098 733 1164 καί
760 1103 833 1166 τότε
859 1105 987 1185 μᾶλλον
1010 1101 1127 1183 ὀγκοῦ-

115 1214 213 1289 σθαι,
250 1206 331 1271 ὅταν
363 1207 396 1271 οἰ
428 1208 602 1291 λεγόμενοι
633 1205 757 1290 ἐτήσιοι
787 1205 927 1272 πνέωσι·
959 1209 1031 1272 τότε
1064 1209 1127 1293 γάρ

115 1331 220 1397 φησιν
239 1313 441 1391 ἐξωθεῖσθαι
458 1312 523 1378 ὑπὸ
541 1324 609 1378 τῶν
626 1311 758 1398 ἀνέμων
775 1314 837 1397 τὴν
854 1314 1034 1396 θάλατταν,
1052 1314 1128 1379 τοὺ-

114 1442 183 1484 των
216 1416 253 1484 δὲ
282 1418 481 1504 παυομένων
509 1419 691 1503 ἡσυχάζειν.
736 1421 842 1501 γλυκὺ
875 1416 912 1485 δὲ
942 1420 1061 1503 σχεδὸν
1090 1421 1127 1484 τὸ
1140 1449 1168 1486 ω

116 1534 174 1608 τῆς
187 1523 398 1608 Ἀτλαντικῆς
415 1526 582 1609 θαλάττης
598 1525 702 1612 ὑδωρ,
722 1524 778 1591 καί
797 1526 894 1610 ὅμοια
912 1525 993 1609 (τά)
1008 1526 1128 1609 ταύτης

113 1635 221 1717 θηρία
249 1642 320 1708 τοίς
348 1641 408 1697 τοῦ
435 1635 571 1696 Νείλου.
621 1630 785 1716 ἀντιλέγει
813 1628 850 1697 δὲ
876 1630 931 1698 καί
958 1631 1060 1716 ταὺτη
1087 1641 1126 1717 τῇ

114 1736 196 1824 δόξη
224 1739 242 1804 ὁ
270 1737 415 1815 Σενέκας
445 1739 596 1823 φάσκων,
628 1739 665 1804 τὸ
698 1735 759 1823 μὲν
790 1741 896 1822 γλυκὺ
925 1736 981 1803 καί
1008 1739 1128 1804 λεπτὸν

115 1842 207 1930 ὑδωρ
230 1845 296 1912 ὑπὸ
319 1853 379 1910 τοῦ
405 1844 504 1928 ἡλίου
531 1843 777 1931 ἀναρπάξεσθαι
804 1843 860 1910 καὶ
887 1847 1023 1930 τρόποις
1045 1845 1127 1914 άπα-

115 1967 172 2016 σιν
195 1949 347 2036 ἁλμυρὰν
374 1946 460 2017 εἰναι
482 1960 592 2016 πᾶσαν
618 1953 808 2036 θάλασσαν,
834 1949 890 2016 καί
917 1947 1021 2036 μηδὲν
1047 1950 1126 2035 άλη-
1141 1978 1166 2018 ω

114 2053 176 2132 θές
198 2051 284 2122 εἶναι
306 2066 418 2124 τοῦτο·
441 2058 471 2122 εἰ
493 2059 557 2143 γὰρ
580 2066 679 2124 τοῦτο
701 2052 755 2140 ἦν,
779 2055 903 2144 καὶτῷ
925 2069 1061 2143 χειμῶνι
1085 2057 1127 2122 δν

117 2162 273 2229 ἐπεδίδου
295 2163 314 2230 ὑ
335 2167 468 2247 Νείλος,
490 2161 547 2228 καί
569 2166 618 2228 ἐτι
640 2169 777 2248 μᾶλλον,
800 2163 866 2250 ὅσω
885 2162 939 2228 καί
958 2162 1127 2250 βιαιοτέρα

114 2269 136 2353 ἡ
164 2280 232 2334 τῶν
259 2268 390 2353 ἀνέμων
412 2271 514 2355 φορά·
542 2271 591 2334 ἔτι
619 2265 656 2334 δί
678 2267 733 2334 καί
757 2271 901 2352 ἰλυώδης
922 2273 1050 2353 μᾶλλον
1071 2268 1126 2335 καὶ

114 2384 259 2451 κυανοὺς
283 2379 446 2460 φαίνεται,
470 2375 551 2461 ὑπερ
574 2374 752 2461 ἀλλότριον
773 2379 963 2441 θαλαττίων
985 2375 1126 2441 ὑδάτων.
1230 2428 1232 2433 .

113 2480 189 2566 μεθ’
218 2481 258 2546 δν
284 2478 449 2565 Διογένης
480 2478 786 2565 ὑἈπολλωνιάτης
816 2484 912 2565 φησί,
942 2490 1002 2547 τοῦ
1028 2481 1126 2565 ἡλίου
1140 2510 1167 2549 ω

115 2589 318 2675 ἁρπάζοντος
337 2588 399 2671 τὴν
416 2588 592 2673 ὑγρότητα,
615 2586 772 2654 ἕλκεσθαι
789 2587 855 2652 ὑπὸ
875 2597 932 2672 της
949 2587 1049 2673 ξηρᾶς
1066 2589 1126 2654 τὸν

114 2699 242 2760 Νεῖλον
264 2694 299 2759 ἐκ
322 2703 380 2778 της
400 2696 580 2778 θαλάττης·
602 2695 819 2780 σηραγγώδης
839 2695 903 2780 γάρ
920 2696 1002 2760 κατά
1020 2695 1126 2780 φύσιν

114 2801 309 2887 ὑπάρχουσα
340 2799 395 2866 καί
426 2801 661 2888 διατετρημένη
697 2799 785 2867 ἕλκει
815 2802 899 2888 πρὸς
931 2799 1052 2885 ἑαυτὴν
1087 2803 1124 2868 τὸ

92 2907 233 2994 ὑγρόν,
259 2905 314 2974 καί
337 2908 403 2996 ὅσω
427 2913 554 2992 μᾶλλον
576 2906 734 2995 ξηροτέρα
754 2907 776 2991 ἡ
800 2917 841 2992 γη
864 2916 921 2991 τῆς
939 2909 1125 2991 Αἰγύπτου,

186 3066 211 3100 v.
233 3053 249 3100 5
272 3045 461 3114 Euthymenes
488 3045 571 3100 ΒΗΘ
597 3046 637 3101 Ν
663 3065 690 3116 p.
712 3052 763 3100 408
872 3051 904 3099 13
928 3046 1034 3100 Seneca
1060 3046 1079 3100 1.
1103 3063 1123 3100 ε.

114 3123 150 3172 20
170 3117 310 3188 Diogenes
328 3117 382 3186 vgl.
402 3116 479 3172 Diels
497 3117 581 3172 Verh.
601 3117 651 3171 der
668 3123 711 3172 35.
725 3117 826 3172 Philol.
840 3117 918 3171 Vere.
937 3135 964 3186 p.
983 3121 1032 3170 106
1042 3115 1070 3170 ff.

185 3261 210 3295 v.
226 3247 240 3294 1
258 3241 365 3297 οἰοὺσιν
379 3242 415 3310 Α,
429 3242 520 3297 ἰοῦσιν
534 3243 562 3295 Β
590 3242 715 3297 οἰκοῦσιν
776 3242 802 3295 Τ
815 3243 819 3311 Ι
835 3240 1054 3310 ἀπομολιβοῦτᾱι
1064 3238 1125 3293 ΑΒ

114 3312 238 3374 θάλλως
255 3331 285 3366 τε
304 3310 335 3366 δὲ
353 3312 414 3367 AB
512 3285 587 3368 θάν
605 3314 679 3382 AB,
702 3310 736 3367 δν
877 3307 1067 3378 ὂεὺθυμέλης
1084 3310 1120 3381 Α,

114 3388 132 3436 8
150 3381 248 3440 πνέυσι
270 3384 310 3452 Α,
334 3381 448 3438 πνέουσι
471 3384 511 3453 Β,
534 3382 655 3439 πνέωσιν
675 3384 700 3437 Τ
785 3388 816 3436 11
836 3379 913 3454 <τδι>
931 3380 996 3436 αδδ.
1015 3379 1125 3436 Bekker

116 3460 150 3508 13
166 3455 184 3510 ὑ
204 3453 282 3509 omis.
303 3456 329 3509 T
399 3460 432 3508 17
451 3451 518 3510 ὅσον
538 3456 564 3508 Τ
634 3460 667 3508 18
686 3452 717 3508 δὲ
736 3451 813 3507 omis.
835 3452 878 3522 ΤΙ
899 3453 1002 3520 μᾶλλον
1020 3449 1037 3520 ἢ
1056 3472 1124 3506 uva-

114 3533 182 3588 νοῦς
199 3525 260 3580 AB
332 3531 365 3579 19
383 3524 534 3595 ἀλλοτρίων
552 3525 612 3580 AT
681 3530 716 3579 20
734 3522 767 3579 δν
785 3523 821 3592 A,
845 3517 885 3578 ὧν
903 3523 931 3576 Β
939 3524 981 3590 ΤΙ
1001 3522 1124 3578 άπολλω-

115 3594 216 3665 τιάδης
229 3597 289 3650 ΒΤ
336 3603 373 3653 ,21
389 3597 521 3666 ὑπδΑΒ,
536 3597 592 3651 ἀπὸ
604 3597 630 3652 Τ
643 3599 648 3666 Ι
663 3604 714 3668 γῆς
722 3595 808 3664 ξηρᾶς
817 3592 975 3664 suspicatur
984 3592 1035 3649 Gn.
1045 3594 1126 3650 Kroll

114 3665 227 3721 collefis
247 3666 368 3722 Senecae
385 3667 477 3722 verbis
549 3665 582 3722 2‘2
602 3669 649 3722 καί
668 3661 864 3736 διατετρημίνη
884 3664 1047 3737 ὑπάρχουσα
1061 3666 1089 3722 Β

168 3767 251 3808 Ianus
265 3767 300 3806 ed.
314 3767 462 3808 Wuennoh.
932 3760 965 3809 10
