2790 4214
395 308 503 362 LLBER
522 306 698 373 QUARTUS.
725 308 925 365 IANUARIUS
1108 313 1166 377 ,81

153 474 245 538 όαίοι
269 469 308 536 δέ
329 488 410 556 φασι
433 473 494 554 τῆν
517 472 628 556 ψυχήν
651 471 759 556 ἀπλῆν
781 467 867 537 εἶναι
890 471 944 538 καλ
968 477 1089 560 νοεράν
1111 474 1201 542 καλθ

118 569 120 572 ’
151 579 300 662 λογικήν,
318 587 504 664 προϊοῦσαν
518 574 555 643 ἀὲ
574 577 609 642 έκ
627 589 694 643 τῶν
712 590 841 662 νοητῶν
860 577 913 644 έπλ
931 581 990 646 τὸν
1004 582 1167 666 αἰσθητὸν

151 687 279 768 κόσμον
297 682 361 749 ἀπὸ
375 680 436 768 μέν
449 693 510 749 τοῦ
524 683 660 770 αἰθέρος
674 688 941 771 προσλαμβάνειν
954 689 992 753 τὸ
1005 693 1166 774 θυμικόν·

151 788 208 854 καλ
240 791 303 876 γάρ
334 789 491 876 έμπόριος
521 790 539 856 ὁ
572 793 687 876 αἰθήρ·
720 791 783 856 ἀπὸ
816 788 854 857 δέ
884 801 942 876 τῆς
972 800 1166 880 σεληνιακῆς

151 906 265 983 σειρᾶς
292 897 330 961 τὸ
360 895 613 981 ἐπιθυμητικόν·
643 896 697 962 καλ
719 900 783 983 γάρ
806 899 893 984 ὑγρά
920 901 981 983 τῆν
1003 903 1109 986 φύσιν
1130 903 1216 986 ῆῩθ

151 1005 287 1086 σελήνη·
308 1003 405 1068 4ὅθεν
435 1001 490 1068 καὶ
521 1005 556 1068 αλ
589 1001 664 1089 περὶ
695 1002 826 1089 ἐρώτων
855 1018 1050 1089 μαγγανείαν
1080 1011 1163 1095 πρὸς
1191 1040 1204 1077 ο

150 1111 212 1192 τήν
245 1112 388 1192 σελήνην
416 1101 470 1174 ολα
501 1110 542 1192 δή
566 1107 767 1194 Ἀφροδίτην
794 1112 838 1186 ὥς
871 1130 952 1196 φασι
981 1118 1163 1201 καταπράτ-

151 1239 272 1281 τονται.
324 1216 356 1281 ολ
388 1212 424 1281 δὲ
452 1214 601 1299 Ἀθηνᾶν
632 1217 691 1280 τὸν
723 1216 818 1302 ἀέρα,
861 1217 1093 1302 Τριτογένειαν
1125 1219 1163 1287 ὃέ

152 1321 257 1405 αὐτήν
280 1323 337 1387 διὰ
359 1323 396 1386 τὸ
419 1321 507 1408 τρισὶ
529 1326 725 1407 μεταβολαῖς
747 1323 968 1390 ἀλλοιοῦσθαι
991 1327 1050 1390 τὸν
1073 1326 1163 1413 ἀέρα,

148 1432 197 1506 είς
222 1432 280 1514 ἔαρ
309 1430 422 1513 δῆλον,
452 1427 555 1514 θέρος
580 1452 615 1494 τε
640 1427 696 1494 καλ
721 1441 878 1514 χειμῶνα·
905 1437 1099 1513 γλαυκῶπιν
1125 1430 1163 1498 δὲ
1176 1462 1202 1500 ιο

149 1535 206 1598 διὰ
237 1535 299 1617 τήν
330 1545 390 1600 τοῦ
423 1535 519 1621 ἀέρος
551 1537 632 1614 όήιν
664 1538 850 1619 ἔγγλαυκον
883 1533 977 1603 εἶναι.
1032 1539 1163 1625 Περσέα

151 1637 188 1705 δὲ
211 1642 270 1706 τὸν
292 1642 390 1724 ήλιον
413 1641 467 1707 καλ
491 1644 644 1727 Γοργόνα
667 1643 728 1726 τήν
750 1642 875 1729 ἡμέραν
898 1643 933 1709 ἐκ
954 1654 1014 1710 τοῦ
1032 1647 1162 1730 τοίχους,

150 1737 224 1812 οἷον
259 1749 379 1831 εἰπεῖν,
414 1749 464 1814 ὅτι
499 1750 555 1814 διὰ
585 1757 645 1814 τοῦ
675 1749 771 1836 ἀέρος
802 1750 819 1816 ὁ
849 1751 942 1833 ῆλιος
971 1751 1162 1838 ἀποτρέχων

148 1853 323 1939 ἀποτέμνει
353 1859 410 1930 τάς
437 1854 574 1941 ἡμέρας,
606 1855 672 1920 ὑπὸ
700 1864 758 1939 τῆς
779 1854 939 1941 Ἀθηνᾶς,
973 1857 1076 1924 ολονελ
1104 1869 1161 1944 τῆς

148 1964 317 2046 προνοίας,
341 1963 402 2044 τῆν
424 1963 533 2047 ἀρπην
557 1999 599 2008 -
623 1961 697 2027 ἀντὶ
715 1971 773 2046 τῆς
791 1962 945 2047 ὀξύτητος
969 2003 1010 2010 -
1035 1967 1159 2049 λαβών·
1174 1995 1200 2034 ιι

150 2066 204 2133 καλ
238 2069 293 2133 διὰ
322 2076 420 2133 τοῦτο
452 2067 489 2132 ἔν
515 2079 585 2144 τοῖς
612 2070 806 2155 ὡρολογίοις
830 2072 909 2146 ἔθος
932 2070 1158 2156 ἐγγλύφεσθαι

147 2177 299 2258 Γοργόνα
331 2173 405 2239 ἀντὶ
435 2183 495 2239 τοῦ
525 2176 585 2258 τῆν
616 2173 750 2261 ἡμέραν.
803 2177 899 2258 ὑγεία
932 2175 1022 2242 ἔστλν
1048 2177 1069 2261 ή
1093 2191 1159 2244 τῶν

146 2280 306 2345 ἐναντίων
328 2283 513 2364 ποιοτήτων
535 2283 616 2346 κατὰ
639 2283 698 2347 τὸν
722 2285 882 2348 σωστικὸν
906 2286 1008 2365 λόγον
1026 2283 1158 2370 ἐπικρα-

147 2395 250 2452 τοῦσα
273 2387 422 2471 δύναμις.
985 2384 987 2388 ’

7 2577 9 2586 y
91 2501 213 2558 RrIV18
236 2492 288 2557 23.
320 2494 466 2570 Οὔλπιος
496 2493 641 2560 ἐκαλεῖτο
670 2494 687 2560 ὁ
716 2497 877 2581 Τραϊανὸς
900 2497 981 2560 κατά
1011 2497 1073 2579 τῆν
1095 2505 1155 2562 τοῦ
1171 2527 1197 2565 ιο

144 2601 267 2686 πατρὸς
289 2604 525 2686 προσηγορίαν,
548 2604 711 2687 Κρινῖτον
733 2598 770 2667 ὃέ
794 2601 896 2667 αὐτὸν
914 2601 1018 2667 ολονεὶ
1037 2603 1156 2669 εὐπλό-

143 2729 249 2790 καμον
276 2717 346 2782 τοῖς
364 2705 532 2792 Ῥωμαίοις
561 2706 668 2773 ἐδόκει
695 2713 808 2773 καλεῖν
838 2710 894 2773 ἀιά
916 2710 977 2792 τήν
999 2707 1075 2796 περὶ
1098 2711 1156 2786 τάς

142 2822 201 2896 τῆς
222 2818 366 2897 κεφαλῆς
389 2813 492 2878 αὐτοῦ
514 2818 628 2900 τρίχας
650 2816 808 2898 σπουδήν.
850 2813 960 2880 καὶτὸ
979 2813 1041 2900 μὲν
1060 2828 1154 2901 σῶμα

142 2915 186 3002 ήν
212 2921 350 3005 βραχύς,
377 2921 417 2984 τά
445 2919 474 2986 δ’
502 2922 585 2986 ἀλλα
612 2921 739 3004 ἀγαθὸς
767 2923 826 2986 τὸν
844 2925 969 3008 τρόπον
992 2922 1029 2988 ἔν
1053 2940 1153 2988 συνα-

143 3029 256 3110 σκήσει
279 3027 391 3092 ὅπλων
413 3050 447 3092 τε
469 3025 523 3091 καλ
547 3032 712 3113 γυμνασίᾳ
735 3029 894 3112 σώματος,
917 3029 978 3093 οὐκ
997 3030 1154 3112 εὐγενοῦς
1168 3057 1193 3098 τι

142 3134 317 3216 τυγχάνοιν
340 3137 510 3217 φαμιλίας·
533 3136 709 3217 τριβοῦνος
727 3136 789 3220 γάρ
808 3130 851 3218 ἦν
868 3137 1030 3221 πρότερον
1048 3137 1155 3218 ῆγουν

141 3240 321 3325 φύλαρχος.
370 3243 677 3324 συναισθανόμενος
707 3237 744 3304 δὲ
774 3241 818 3316 ὡς
848 3240 985 3326 ἐραστής
1015 3239 1105 3305 ἔστιν
1135 3240 1152 3306 ὁ

214 3556 237 3591 v.
258 3545 274 3592 5
292 3537 310 3606 ή
329 3537 407 3592 omis,
427 3539 457 3592 D
536 3545 551 3593 6
570 3547 737 3609 μαγγανείαν
756 3539 826 3607 πρὸς
848 3538 935 3607 αότήν
954 3536 1080 3609 γίνονται
1099 3543 1150 3594 cet.

142 3607 200 3663 des.
225 3608 254 3661 Y
323 3614 357 3662 14
375 3607 558 3677 ἀποτέμνεται
577 3610 619 3678 Χ,
643 3626 711 3664 corr.
731 3609 784 3664 Sela
856 3616 888 3664 16
908 3609 938 3665 ἔν
961 3611 1030 3682 τοῖς]
1055 3610 1085 3665 ἔν
1103 3619 1153 3681 τῆς

142 3678 171 3730 Α
244 3684 276 3732 17
295 3677 434 3749 γοργόναν
452 3681 490 3749 Χ,
510 3698 577 3735 corr.
597 3680 649 3735 sch
721 3687 754 3734 26
773 3679 913 3750 φαμηλλας
932 3683 963 3735 Χ

195 3778 279 3820 Ianus
294 3777 329 3818 od.
342 3779 494 3820 Wuenseh.
975 3777 990 3824 6
