2760 4234
364 291 472 346 LIBER
490 290 666 356 QUARTUS.
694 289 884 346 AUGUSTUS
1066 289 1129 354 157

128 451 338 518 ἑπτακαίδεκα
371 453 571 543 ἐπαγομένῳ.
624 454 642 520 δ
675 451 713 518 δὲ
739 451 922 529 Ἰουλιανὸς
953 451 1130 537 ἐμαχέσατο
1144 462 1171 517 Χ

127 561 254 645 ἀριστα·
281 552 327 636 είς
349 558 387 626 δὲ
413 560 449 626 ἐκ
476 571 533 645 της
556 565 722 647 Περσικῆς
750 561 920 645 φάλαγγος
947 570 1013 624 τῶν
1038 564 1131 642 λεγο-

126 665 234 749 μένων
250 671 466 754 Σαρακηνῶν,
490 666 526 733 ἐκ
548 677 605 753 της
628 667 827 750 ἀλουργίδος
849 665 985 750 βασιλέα
1006 666 1131 731 ὑπολα-

125 773 194 854 βὼν
218 772 376 861 ἀνέκραγε
402 777 548 861 πατρίως
571 774 722 859 “μαλχάν’
750 771 854 838 οίονελ
881 773 1049 856 βασιλεύς·
1075 770 1130 838 καὶ

124 876 257 962 ἐπαφεὶς
275 880 372 968 ῥοίζῳ
390 881 452 963 την
469 879 651 965 λεγομένην
669 879 839 965 ῥομφαίαν
857 880 1013 962 διήλασεν
1029 878 1132 944 αὐτὸν
1159 904 1172 944 ε

77 1024 79 1030 ·
123 985 204 1048 κατὰ
224 995 283 1051 τοῦ
305 989 418 1073 ἤτρου.
455 997 515 1053 τοῦ
534 983 571 1052 δέ
589 985 795 1072 Ὀρειβασίου
813 989 1011 1070 κομίσαντος
1029 984 1132 1050 αὐτὸν

123 1091 170 1166 είς
192 1091 252 1174 τὴν
273 1093 486 1178 παρεμβολὴν
507 1091 563 1159 καί
586 1091 767 1158 διαθέσθαι
790 1093 830 1157 τά
853 1097 1023 1158 τελευταῖα
1049 1113 1132 1177 παρ-

120 1207 311 1282 αινοῦντος,
338 1197 527 1283 Ἰουβιανὸν
557 1195 619 1282 μὲν
647 1198 746 1275 αὐτὸς
777 1198 1007 1282 ψηφισάμενος
1038 1202 1131 1282 βασι·
1180 1249 1184 1275 ,

123 1304 233 1368 λεύειν
255 1303 414 1370 ἐτελεύτα.

68 1419 190 1476 1111276
215 1410 287 1474 119.
313 1411 355 1475 θλ
369 1407 430 1494 μὲν
444 1409 507 1476 ἀπὸ
521 1411 663 1495 μεγάλης
681 1409 791 1496 ἀρχῆς
801 1408 932 1495 ῥέοντες
949 1412 1065 1495 ἀνεμοι
1080 1413 1126 1488 είς
1138 1420 1183 1474 XS

122 1517 250 1582 δώδεκα
272 1515 355 1603 μέρη
378 1526 438 1582 τοῦ
456 1517 624 1603 ὁρίζοντος
646 1517 866 1602 διαιροῦνται,
890 1510 937 1581 ὧν
959 1516 1014 1582 καὶ
1037 1524 1132 1602 ίσμεν
1147 1544 1171 1584 11

122 1623 163 1687 τδι
194 1623 339 1708 ὀνόματα
371 1622 408 1688 ἐν
440 1625 554 1700 ἀλλοις
574 1671 668 1706 ....,
699 1621 754 1687 καλ
787 1623 819 1688 οἱ
851 1618 913 1706 μὲν
941 1622 995 1688 ἀτί
1022 1623 1171 1690 αύτῶνΧ

123 1729 252 1815 ἄρκτων
274 1729 329 1795 καὶ
352 1740 412 1796 τοῦ
435 1729 503 1795 κατ’
527 1729 628 1806 αὐτδις
646 1732 753 1795 πόλου
771 1729 902 1815 ῥέοντες
920 1729 1131 1814 ἀπαρκτίαι

121 1841 310 1921 καλοῦνται,
334 1838 366 1902 οἱ
389 1833 426 1902 δέ
449 1836 513 1901 ἀπὸ
537 1837 662 1912 δύσεως
686 1837 877 1922 ἱσημερινης
900 1835 1075 1923 ζέφυροι,
1099 1839 1132 1903 οἱ

121 1937 160 2005 δέ
182 1942 246 2008 ἀπὸ
268 1953 329 2009 τοῦ
352 1944 503 2027 ἀφανοῦς
525 1945 651 2026 νότοι,
675 1943 707 2008 οἱ
730 1939 768 2008 δὲ
790 1941 855 2008 ἀπὸ
878 1942 1039 2026 ἀνατολῆς
1063 1946 1132 2028 ίση-
1147 1968 1172 2008 15

121 2060 256 2134 μερινης
279 2050 510 2134 ἀπηλιῶται·
532 2061 600 2115 τῶν
619 2046 656 2115 δὲ
674 2048 794 2134 μεταξύ
818 2061 885 2114 τῶν
908 2047 1090 2134 εἰρημένων
1112 2050 1130 2115 δ

121 2151 183 2238 μὲν
211 2158 373 2243 προσεχὴς
400 2165 446 2244 τῷ
475 2156 668 2243 ἀπαρκτίᾳ
696 2160 866 2238 καικίας,
895 2155 936 2220 ὃν
962 2159 1046 2221 ἔνιοι
1076 2155 1131 2220 καὶ

121 2256 319 2348 Ιθρασκίαν
342 2249 508 2348 λέγουσιν,
531 2263 549 2330 ὁ
569 2260 606 2328 δέ
623 2273 669 2352 τῳ
689 2264 840 2350 ζεφύρῳ
863 2260 1068 2348 ἀργέστης,
1091 2261 1132 2327 δν

121 2369 155 2432 οἱ
181 2366 243 2454 μὲν
270 2369 481 2454 ὀλυμπίαν,
514 2371 546 2435 οἱ
578 2367 615 2435 δὲ
645 2371 790 2453 ίάπυγα
817 2374 969 2434 καλοῦσι·
1001 2379 1067 2433 τῶν
1094 2365 1131 2433 δέ

120 2475 241 2558 μεταξὺ
270 2477 441 2560 ζεφύρου
467 2475 522 2541 καὶ
550 2479 668 2541 νότου
696 2472 798 2560 ὁμὲν
824 2475 987 2560 προσεχὴς
1008 2482 1055 2562 τῷ
1077 2478 1173 2554 ζε-εο

119 2583 232 2670 φύρῳ
252 2585 334 2666 λίψ,
357 2582 376 2647 δ
395 2579 433 2647 δέ
451 2591 496 2670 τῷ
514 2585 614 2671 νότῳ
632 2584 853 2666 λιβόνοτος·
872 2592 939 2647 τῶν
957 2577 995 2646 δὲ
1012 2580 1132 2665 μεταξὺ

120 2692 241 2754 νότου
270 2712 305 2754 τε
334 2687 390 2755 καί
419 2690 538 2775 εύρου
569 2689 586 2755 ὁ
617 2686 678 2775 μέν
706 2691 848 2772 πλησίον
878 2690 1060 2775 φερόμενος
1087 2699 1133 2779 τῷ

118 2799 221 2882 νότῳ
241 2795 453 2879 εὐρόνοτος
466 2802 623 2880 καλεῖται,
643 2791 714 2862 ὁδδ
727 2803 774 2884 τῳ
787 2794 986 2882 ἀπηλιάτη
1005 2791 1131 2882 εὖρος·

120 2902 246 2987 δμοίως
274 2898 311 2966 δὲ
338 2901 393 2966 καὶ
421 2901 645 2986 ἀπηλιώτου
671 2901 791 2985 μεταξὺ
818 2901 874 2967 καί
901 2901 1133 2989 ἀπαρκτίου,

118 3007 138 3073 δ
170 3004 232 3093 μὲν
258 3008 420 3094 προσεχὴς
446 3017 492 3096 τῷ
520 3007 718 3094 ἀπηλιύτη
746 3014 891 3074 καλεῖται
918 3012 1088 3090 καικίας,
1115 3007 1174 3074 διε

195 3242 251 3290 v.4
275 3233 409 3304 ἀνέκραξε
432 3236 460 3289 Β
571 3233 754 3308 δόριβοισίου
775 3237 802 3290 Α
914 3233 1084 3307 8έοβιανδν
1106 3234 1134 3288 Β

122 3311 158 3361 10
177 3303 221 3361 ὅτι
239 3306 267 3361 οἱ
286 3305 384 3376 μδν-
400 3312 433 3360 12
452 3305 545 3368 ἀλλοις
563 3307 585 3361 S
598 3308 602 3378 Ι
618 3306 668 3376 μὲν
687 3306 766 3362 omis.
785 3308 839 3378 ΧΙ
862 3306 961 3376 ἄνεμοι
978 3308 1043 3375 post
1060 3307 1134 3359 διαι-

119 3385 239 3446 σοῦνται
258 3378 280 3432 S
369 3384 401 3431 11
421 3373 461 3432 ὧν
475 3409 509 3418 -
525 3383 557 3431 12
573 3377 665 3440 ἄλλοις
686 3377 764 3432 omis.
784 3379 816 3432 X
904 3383 937 3431 12
955 3379 1021 3446 ηοω
1043 3375 1135 3440 ἀλλοις

122 3447 255 3504 lacunam
273 3446 408 3516 indicavi,
427 3447 467 3502 sic
485 3447 543 3502 fere
562 3448 740 3518 explendam:
764 3446 913 3521 <εόρόντες
931 3446 1024 3521 αύτά>
1040 3449 1045 3518 l
1061 3447 1099 3520 ολ]
1119 3447 1134 3503 δ

122 3519 153 3572 Β
225 3525 259 3573 14
278 3517 333 3573 ἀπὸ
352 3527 401 3588 της
419 3519 522 3582 δύσεως
540 3520 567 3573 Β
641 3526 673 3573 19
693 3518 912 3590 ίαπυγάκλουσιν
927 3520 955 3573 Α
1027 3525 1059 3573 21
1079 3529 1135 3575 τῶν

122 3588 179 3644 dvm
197 3590 233 3658 A,
252 3607 321 3644 corr.
336 3591 374 3661 A,
438 3595 471 3643 22
490 3609 519 3645 τε
538 3589 617 3645 omis.
633 3592 661 3645 Β
719 3597 752 3645 23
771 3588 914 3663 λιβονότος
932 3591 970 3660 Χ,
989 3588 1136 3660 εύρόνοτος

123 3659 223 3729 scripsi
294 3666 329 3714 2ο
351 3659 505 3732 ἀπηλιάτον
522 3663 550 3717 Α
