2788 4222
568 266 773 322 PRAEFATIO
1060 269 1186 323 LXXVII

170 443 257 495 τοῦτο
287 431 315 507 ἒξ
343 433 438 508 αἰτίας
467 434 593 496 τοιᾶσδε·
624 433 735 513 συνέβη
764 431 833 497 ποτέ
863 445 899 520 τῆ
922 430 1072 512 Ῥωμαίων
1101 435 1183 496 πόλει

170 522 256 601 λιμδς
278 521 420 603 σφοδρός·
447 521 622 605 ηὑρίσκοντο
644 528 685 608 τῷ
708 523 770 585 τότε
793 520 916 601 ἀδελφοί
938 523 1074 585 πλούσιοι
1096 530 1185 605 τρεῖς,

172 611 342 689 Κάλανδος,
370 614 478 684 Νῶνος
500 611 550 673 καί
572 611 665 685 Είδὸς
686 613 874 691 καλούμενοι·
902 605 984 674 οὗτοι
1012 605 1184 698 ᾑρετίσανιο

172 699 204 762 ἐν
226 709 285 760 τῶν
308 700 424 762 οἰκείων
451 697 615 782 διαθρέψαι
642 699 697 780 τῆν
724 701 810 763 πόλιν
832 700 883 762 καί
906 699 922 762 δ
950 698 1003 780 μὲν
1026 701 1185 774 Κοίλανδος

172 804 352 887 διεθρέψατο
375 806 485 885 ταύτην
512 804 621 887 ἡμέρας
649 789 690 886 ιβ,
717 805 733 868 δ
761 804 793 868 δέ
816 810 924 881 Νῶνος
947 805 1057 888 ἡμέρας
1080 825 1106 887 ῖ,
1134 808 1187 882 τὰς

173 892 205 955 δέ
228 893 335 976 ἐφεξῆς
358 893 497 968 δΕίδός·
520 897 626 957 τούτου
650 893 681 957 δέ
703 895 857 977 γεγονότος
875 895 1032 982 ἐξῃτήσατο
1055 895 1071 958 δ
1090 897 1185 977 δῆμος

172 990 338 1064 τιμηθῆναι
360 985 429 1056 τοὺς
456 982 567 1067 δι’νδρας
589 996 642 1065 τῆς
668 985 710 1058 είς
732 985 841 1058 αὐτοὺς
867 983 952 1046 ένειια
974 987 1113 1067 χορηγίας
1135 985 1185 1046 καί

172 1073 347 1154 διατροφῆς·
378 1073 428 1134 ίνα
457 1064 512 1134 οὖν
541 1074 584 1148 είς
612 1072 700 1152 τιμὴν
730 1074 827 1135 αὐτῶν
858 1066 931 1135 ὦσιν
961 1073 1121 1153 ἀείμνηστα
1150 1075 1186 1135 τδι

175 1158 305 1240 ὀνόματα
327 1162 436 1239 αὐτῶν,
459 1161 562 1224 ἔθεντο
585 1171 675 1223 ταῦτα
698 1160 867 1241 ἐπωνυμίας
889 1169 952 1235 ταῖς
975 1161 1096 1244 ἡμέραις
1120 1161 1184 1224 ἔνιοί-

174 1268 244 1311 σιου
268 1250 368 1329 μηνός.
415 1243 565 1333 (sequitur
592 1253 778 1330 singulorum
799 1253 945 1311 mensium
968 1253 1084 1312 dierum
1108 1272 1185 1313 eom·

173 1344 274 1416 putus,
304 1341 443 1416 exemplis
474 1359 489 1398 e
516 1341 750 1417 Byzantinorum
779 1341 843 1400 vita
872 1341 975 1417 petitis
1004 1340 1186 1400 illustratus:

174 1426 298 1506 ἐξῆλθες
326 1427 414 1508 τυχὸν
443 1426 500 1489 tut
530 1437 582 1509 τῆς
609 1429 836 1491 Κωνσταντίνου
867 1427 978 1502 πόλεως
1008 1438 1044 1514 τῆ
1074 1425 1106 1488 α’
1134 1438 1186 1490 τοῦ

170 1509 322 1595 Ἀιτριλίου
346 1510 407 1599 eL).

241 1606 360 1681 Restat,
387 1609 422 1665 ut
445 1607 542 1666 dicum
565 1607 601 1666 de
625 1609 734 1666 ultimo
760 1607 963 1684 paragrapho,
991 1627 1083 1684 quem
1110 1609 1185 1668 libro

174 1695 211 1753 de
240 1694 464 1771 magistratibus
486 1695 592 1755 tribuit
620 1695 650 1756 O.
673 1697 708 1755 B.
732 1696 842 1756 Hosius
871 1715 973 1756 comm.
1002 1717 1030 1773 p.
1050 1696 1186 1773 XLVIII,

175 1783 212 1841 de
234 1783 382 1842 mensibus
404 1803 475 1843 vero
498 1785 521 1843 Ι.
544 1785 576 1843 F.
601 1785 777 1862 Schultzius,
806 1785 1014 1862 quaestionum
1037 1785 1186 1862 Lydiene·

174 1891 282 1931 nerum
304 1891 331 1946 p.
351 1873 380 1929 4.
427 1891 481 1950 ego
504 1873 626 1949 quidem
647 1874 813 1950 Lydianam
836 1875 921 1933 illum
943 1894 1003 1934 nou
1025 1893 1088 1934 esse
1106 1875 1187 1934 heud

176 1959 385 2036 contenderim,
413 1961 465 2020 sed
488 1963 630 2037 quoniam
652 1963 684 2020 in
706 1963 796 2022 titulo
819 1963 944 2041 legitur:
972 1960 1004 2022 ἐν
1026 1972 1085 2023 τῶν
1109 1963 1186 2023 ίστο-

176 2053 256 2127 ριῶν,
278 2049 378 2124 potius
396 2049 538 2110 historiae
557 2051 726 2127 deperditae
744 2051 875 2110 tribuum
892 2052 972 2128 belli,
997 2053 1078 2128 quod
1097 2052 1187 2111 Iusti·

174 2137 282 2196 nienus
305 2157 371 2197 cum
393 2138 491 2197 Persis
519 2139 610 2216 gessit
638 2140 774 2215 quodque
798 2139 835 2198 eb
859 2143 978 2199 auctore
1006 2145 1108 2199 nostro
1132 2141 1186 2199 sci-

175 2245 241 2285 mus
265 2245 328 2284 esse
351 2227 532 2286 celebratum
555 2219 655 2308 (Hesii
678 2247 781 2286 comm.
800 2247 828 2304 p.
848 2226 911 2306 ΧΙ).
949 2229 1052 2286 eodem
1077 2232 1186 2302 sutem,

177 2315 319 2391 quonium
342 2315 404 2374 eius
427 2316 532 2375 incidit
553 2316 674 2391 mentio,
698 2316 825 2374 alterum
848 2335 965 2392 quoque
984 2317 1186 2393 fragmentum

176 2403 313 2481 relegem,
342 2405 421 2480 quod
444 2405 482 2462 ed
508 2404 586 2463 hunc
613 2405 692 2464 diem
720 2424 737 2463 e
764 2405 836 2464 viris
865 2405 959 2464 doctis
981 2405 1186 2465 videturesse

175 2493 351 2570 neglectum.
404 2495 487 2552 extet
515 2497 615 2552 eutem
644 2493 676 2552 in
708 2493 852 2572 glossario
883 2492 1064 2571 Seguerieno
1096 2495 1186 2554 tertio

176 2578 242 2662 περί
265 2580 428 2653 συντάξεως
450 2574 582 2663 (Bekker
604 2581 713 2641 Anecd.
738 2603 780 2659 gr.
799 2582 815 2640 I
836 2602 866 2657 p.
888 2575 966 2664 170)
990 2601 1011 2640 s.
1031 2601 1058 2641 v.
1077 2603 1187 2663 παρευ-

176 2669 295 2747 δοκιμῶ.
345 2667 410 2729 ἀντὶ
432 2678 484 2730 τοῦ
511 2675 689 2751 περιφρονῶ.
733 2663 873 2731 Ἰωάννου
901 2675 953 2731 τοῦ
977 2672 1097 2732 Λυδοῦ·
1127 2667 1187 2732 ςιιαὶ

174 2758 414 2839 τιαρενδουίμονν
437 2759 468 2819 οἱ
488 2756 600 2840 Πέρσαι
618 2752 788 2837 Ῥωμαίους,
818 2758 1038 2821 Οὐεσπεσιανοῦ
1062 2758 1187 2821 καὶτοῦ

176 2846 282 2920 παιδὸς
304 2846 395 2908 αὐτοῦ
416 2848 503 2908 Τίτου
525 2853 589 2920 ταῖς
604 2840 779 2920 Ἰουδαϊκαῐς
802 2848 906 2929 μάχαις
925 2845 1186 2929 ένησχολημένων’.

244 2935 382 2995 Collectis
412 2937 468 2996 teli
496 2936 583 2996 modo
611 2940 642 2996 et
667 2937 699 2995 in
727 2937 859 2996 ordinem
887 2937 1014 2997 redactis
1041 2939 1079 2998 iis
1106 2928 1338 3031 ηααυὲζιξῇᾛ

176 3024 263 3084 hodie
286 3027 444 3100 supersunt
465 3026 640 3104 fragmentis
658 3025 787 3102 Lydioni
808 3026 843 3086 de
862 3026 1012 3086 mensibus
1030 3026 1108 3101 libri,
1133 3026 1341 3084 eli-fueritlibro·

177 3117 324 3189 quatenus
346 3115 519 3174 restitutum
540 3115 627 3173 illum
650 3133 712 3174 esse
735 3134 830 3192 spero,
854 3115 906 3175 sed
923 3116 979 3175 hoc
997 3116 1186 3191 aliquetenus

176 3204 296 3261 tentum
324 3202 390 3261 fieri
415 3203 548 3279 potuisse
575 3203 670 3278 primo
699 3203 806 3263 obtutu
834 3206 965 3280 apparet.
1012 3203 1093 3279 quod
1120 3221 1187 3262 cum

176 3289 221 3349 its
244 3290 291 3366 sit,
315 3310 491 3366 quaeremus
514 3311 631 3352 necesse
654 3296 708 3367 est,
732 3311 878 3368 quosnam
896 3295 996 3369 partes
1015 3291 1125 3368 integri
1142 3311 1186 3350 re·

178 3379 414 3455 cuperererimus
434 3381 568 3457 opusculi
586 3399 719 3457 quasque
737 3383 772 3440 ut
789 3400 868 3440 nunc
888 3399 1004 3457 quoque
1019 3380 1187 3456 deperditas

177 3468 388 3527 desideremus:
411 3470 491 3545 quod
509 3472 544 3528 ut
566 3470 675 3528 certius
698 3470 848 3544 sciremus,
870 3468 1079 3544 inquirendum
1102 3470 1187 3530 nobis

178 3573 240 3616 esse
269 3557 339 3615 duxi
365 3557 397 3615 in
424 3558 593 3633 consilium,
626 3559 705 3634 qued
731 3557 910 3616 Laurentius
941 3561 1058 3616 secutus
1089 3558 1129 3617 sit
1155 3559 1188 3617 in

177 3645 379 3721 componendo
403 3665 503 3722 opere;
530 3647 605 3706 illud
633 3646 712 3705 enim
738 3647 764 3704 si
791 3645 1028 3722 cognoverimus,
1056 3646 1187 3706 iudicare
