<?xml version="1.0" encoding="UTF-8"?>
<!DOCTYPE html PUBLIC "-//W3C//DTD XHTML 1.0 Transitional//EN"
    "http://www.w3.org/TR/xhtml1/DTD/xhtml1-transitional.dtd">
<html xmlns="http://www.w3.org/1999/xhtml" xml:lang="en" lang="en">
 <head>
  <title>
</title>
<meta http-equiv="Content-Type" content="text/html;charset=utf-8" />
  <meta name='ocr-system' content='tesseract 3.04.00' />
  <meta name='ocr-capabilities' content='ocr_page ocr_carea ocr_par ocr_line ocrx_word'/>
</head>
<body>
  <div class='ocr_page' id='page_1' title='image "./ioannislaurenti02wuengoog_0136.png"; bbox 0 0 2790 4214; ppageno 0'>
   <div class='ocr_carea' id='block_1_1' title="bbox 539 263 1178 338">
    <p class='ocr_par' dir='ltr' id='par_1_1' title="bbox 539 263 1178 338">
     <span class='ocr_line' id='line_1_1' title="bbox 539 263 1178 338; baseline 0.005 -14"><span class='ocrx_word' id='word_1_1' title='bbox 539 263 647 325; x_wconf 68' lang='lat' dir='ltr'><strong><em>mssa</em></strong></span> <span class='ocrx_word' id='word_1_2' title='bbox 665 271 818 328; x_wconf 75' lang='grc' dir='ltr'><strong><em>Τααυιοε</em></strong></span> <span class='ocrx_word' id='word_1_3' title='bbox 1136 274 1178 338; x_wconf 78' lang='lat'><strong><em>37</em></strong></span> 
     </span>
    </p>
   </div>
   <div class='ocr_carea' id='block_1_2' title="bbox 148 431 1242 2545">
    <p class='ocr_par' dir='ltr' id='par_1_2' title="bbox 148 431 1242 2545">
     <span class='ocr_line' id='line_1_2' title="bbox 173 431 1219 525; baseline 0.003 -27"><span class='ocrx_word' id='word_1_4' title='bbox 173 439 305 498; x_wconf 82' lang='grc' dir='ltr'><strong><em>κεῖσθαι</em></strong></span> <span class='ocrx_word' id='word_1_5' title='bbox 323 433 384 515; x_wconf 77' lang='grc' dir='ltr'><strong><em>τὴν</em></strong></span> <span class='ocrx_word' id='word_1_6' title='bbox 402 431 474 497; x_wconf 84' lang='grc' dir='ltr'><strong><em>κατ’</em></strong></span> <span class='ocrx_word' id='word_1_7' title='bbox 497 433 618 511; x_wconf 84' lang='grc' dir='ltr'><strong><em>αύτούς</em></strong></span> <span class='ocrx_word' id='word_1_8' title='bbox 635 435 748 520; x_wconf 77' lang='grc' dir='ltr'><strong><em>χώραν</em></strong></span> <span class='ocrx_word' id='word_1_9' title='bbox 769 434 825 500; x_wconf 80' lang='grc' dir='ltr'><strong><em>καὶ</em></strong></span> <span class='ocrx_word' id='word_1_10' title='bbox 847 437 1051 520; x_wconf 79' lang='grc' dir='ltr'><strong><em>κατὰφύσιν</em></strong></span> <span class='ocrx_word' id='word_1_11' title='bbox 1073 438 1181 525; x_wconf 83' lang='grc' dir='ltr'><strong><em>ὥσπερ</em></strong></span> <span class='ocrx_word' id='word_1_12' title='bbox 1202 447 1219 501; x_wconf 84' lang='lat' dir='ltr'>S</span> 
     </span>
     <span class='ocr_line' id='line_1_3' title="bbox 173 537 1181 627; baseline 0.006 -24"><span class='ocrx_word' id='word_1_13' title='bbox 173 537 206 617; x_wconf 79' lang='grc' dir='ltr'><strong><em>ἐξ</em></strong></span> <span class='ocrx_word' id='word_1_14' title='bbox 233 537 383 626; x_wconf 72' lang='grc' dir='ltr'><strong><em>ὑπερῷος</em></strong></span> <span class='ocrx_word' id='word_1_15' title='bbox 410 539 515 625; x_wconf 78' lang='grc' dir='ltr'><strong><em>ἀρχὴν</em></strong></span> <span class='ocrx_word' id='word_1_16' title='bbox 541 542 603 624; x_wconf 78' lang='grc' dir='ltr'><strong><em>την</em></strong></span> <span class='ocrx_word' id='word_1_17' title='bbox 633 540 711 607; x_wconf 87' lang='grc' dir='ltr'><strong><em>καθ’</em></strong></span> <span class='ocrx_word' id='word_1_18' title='bbox 734 542 819 627; x_wconf 78' lang='grc' dir='ltr'><strong><em>ἡμᾶς</em></strong></span> <span class='ocrx_word' id='word_1_19' title='bbox 850 544 1025 609; x_wconf 87' lang='grc' dir='ltr'><strong><em>θάλασσαν</em></strong></span> <span class='ocrx_word' id='word_1_20' title='bbox 1058 543 1094 609; x_wconf 79' lang='grc' dir='ltr'><strong><em>ἐκ</em></strong></span> <span class='ocrx_word' id='word_1_21' title='bbox 1120 554 1181 611; x_wconf 90' lang='grc' dir='ltr'><strong><em>τοῦ</em></strong></span> 
     </span>
     <span class='ocr_line' id='line_1_4' title="bbox 173 646 1182 736; baseline 0.006 -25"><span class='ocrx_word' id='word_1_22' title='bbox 173 646 393 732; x_wconf 87' lang='grc' dir='ltr'><strong><em>ύπερβορείου</em></strong></span> <span class='ocrx_word' id='word_1_23' title='bbox 424 648 606 731; x_wconf 79' lang='grc' dir='ltr'><em>λαμβάνειν</em></span> <span class='ocrx_word' id='word_1_24' title='bbox 642 648 803 716; x_wconf 80' lang='grc' dir='ltr'><strong><em>ὠκεανοῦ·</em></strong></span> <span class='ocrx_word' id='word_1_25' title='bbox 837 651 899 715; x_wconf 93' lang='grc' dir='ltr'><strong><em>δύο</em></strong></span> <span class='ocrx_word' id='word_1_26' title='bbox 929 652 992 736; x_wconf 74' lang='grc' dir='ltr'><strong><em>γάρ</em></strong></span> <span class='ocrx_word' id='word_1_27' title='bbox 1030 652 1182 735; x_wconf 78' lang='grc' dir='ltr'><strong><em>εἰσβολάς</em></strong></span> 
     </span>
     <span class='ocr_line' id='line_1_5' title="bbox 174 747 1181 842; baseline 0.005 -25"><span class='ocrx_word' id='word_1_28' title='bbox 174 747 259 818; x_wconf 76' lang='grc' dir='ltr'><strong><em>εἶναι</em></strong></span> <span class='ocrx_word' id='word_1_29' title='bbox 272 755 331 830; x_wconf 82' lang='grc' dir='ltr'><strong><em>τὰς</em></strong></span> <span class='ocrx_word' id='word_1_30' title='bbox 349 753 572 830; x_wconf 89' lang='grc' dir='ltr'><strong><em>άποτελούσας</em></strong></span> <span class='ocrx_word' id='word_1_31' title='bbox 586 754 690 837; x_wconf 79' lang='grc' dir='ltr'><strong><em>αὐτὴν</em></strong></span> <span class='ocrx_word' id='word_1_32' title='bbox 707 753 806 820; x_wconf 77' lang='grc' dir='ltr'><strong><em>παντὶ</em></strong></span> <span class='ocrx_word' id='word_1_33' title='bbox 830 757 945 839; x_wconf 77' lang='grc' dir='ltr'><strong><em>δῆλον·</em></strong></span> <span class='ocrx_word' id='word_1_34' title='bbox 964 760 1043 841; x_wconf 90' lang='grc' dir='ltr'><strong><em>μίαν</em></strong></span> <span class='ocrx_word' id='word_1_35' title='bbox 1065 753 1126 842; x_wconf 73' lang='grc' dir='ltr'><strong><em>μὲν</em></strong></span> <span class='ocrx_word' id='word_1_36' title='bbox 1148 757 1181 836; x_wconf 82' lang='grc' dir='ltr'><strong><em>ἐξ</em></strong></span> 
     </span>
     <span class='ocr_line' id='line_1_6' title="bbox 168 857 1221 950; baseline -0.001 -25"><span class='ocrx_word' id='word_1_37' title='bbox 168 859 350 944; x_wconf 77' lang='grc' dir='ltr'><strong><em>Ἱσπανίας,</em></strong></span> <span class='ocrx_word' id='word_1_38' title='bbox 372 860 433 944; x_wconf 78' lang='grc' dir='ltr'><strong><em>τὴν</em></strong></span> <span class='ocrx_word' id='word_1_39' title='bbox 456 857 493 926; x_wconf 74' lang='grc' dir='ltr'><strong><em>δὲ</em></strong></span> <span class='ocrx_word' id='word_1_40' title='bbox 516 858 645 947; x_wconf 78' lang='grc' dir='ltr'><strong><em>ἑτέραν,</em></strong></span> <span class='ocrx_word' id='word_1_41' title='bbox 668 863 713 939; x_wconf 87' lang='grc' dir='ltr'><strong><em>ὠς</em></strong></span> <span class='ocrx_word' id='word_1_42' title='bbox 735 867 876 948; x_wconf 86' lang='grc' dir='ltr'><strong><em>είρηται,</em></strong></span> <span class='ocrx_word' id='word_1_43' title='bbox 898 862 935 930; x_wconf 82' lang='grc' dir='ltr'><strong><em>’ἐκ</em></strong></span> <span class='ocrx_word' id='word_1_44' title='bbox 957 873 1017 930; x_wconf 91' lang='grc' dir='ltr'><strong><em>τοῦ</em></strong></span> <span class='ocrx_word' id='word_1_45' title='bbox 1040 864 1182 950; x_wconf 87' lang='grc' dir='ltr'><strong><em>ύπερβο-</em></strong></span> <span class='ocrx_word' id='word_1_46' title='bbox 1209 883 1221 924; x_wconf 85' lang='grc' dir='ltr'><strong><em>τ</em></strong></span> 
     </span>
     <span class='ocr_line' id='line_1_7' title="bbox 172 961 1235 1056; baseline 0.003 -24"><span class='ocrx_word' id='word_1_47' title='bbox 172 970 265 1053; x_wconf 86' lang='grc' dir='ltr'><strong><em>ρείου</em></strong></span> <span class='ocrx_word' id='word_1_48' title='bbox 284 966 442 1050; x_wconf 85' lang='grc' dir='ltr'><strong><em>ὠκεανοῦ,</em></strong></span> <span class='ocrx_word' id='word_1_49' title='bbox 466 966 506 1033; x_wconf 87' lang='grc' dir='ltr'><strong><em>δν</em></strong></span> <span class='ocrx_word' id='word_1_50' title='bbox 523 965 579 1032; x_wconf 85' lang='grc' dir='ltr'><strong><em>καὶ</em></strong></span> <span class='ocrx_word' id='word_1_51' title='bbox 592 970 742 1053; x_wconf 88' lang='grc' dir='ltr'><strong><em>Κρόνιον</em></strong></span> <span class='ocrx_word' id='word_1_52' title='bbox 757 966 899 1052; x_wconf 78' lang='grc' dir='ltr'><strong><em>πέλανος</em></strong></span> <span class='ocrx_word' id='word_1_53' title='bbox 917 971 950 1035; x_wconf 85' lang='grc' dir='ltr'><strong><em>ολ</em></strong></span> <span class='ocrx_word' id='word_1_54' title='bbox 968 971 1181 1056; x_wconf 74' lang='grc' dir='ltr'><strong><em>χωρογράφοι</em></strong></span> <span class='ocrx_word' id='word_1_55' title='bbox 1233 961 1235 968; x_wconf 16' lang='grc'><strong><em>1</em></strong></span> 
     </span>
     <span class='ocr_line' id='line_1_8' title="bbox 171 1073 1182 1163; baseline 0.004 -25"><span class='ocrx_word' id='word_1_56' title='bbox 171 1079 321 1156; x_wconf 89' lang='grc' dir='ltr'><strong><em>καλοῦσι,</em></strong></span> <span class='ocrx_word' id='word_1_57' title='bbox 343 1075 432 1159; x_wconf 82' lang='grc' dir='ltr'><strong><em>παρὰ</em></strong></span> <span class='ocrx_word' id='word_1_58' title='bbox 454 1073 516 1157; x_wconf 77' lang='grc' dir='ltr'><strong><em>τὴν</em></strong></span> <span class='ocrx_word' id='word_1_59' title='bbox 533 1077 744 1158; x_wconf 79' lang='grc' dir='ltr'><strong><em>Πτολεμαίου</em></strong></span> <span class='ocrx_word' id='word_1_60' title='bbox 763 1074 876 1153; x_wconf 81' lang='grc' dir='ltr'><strong><em>δόξαν·</em></strong></span> <span class='ocrx_word' id='word_1_61' title='bbox 900 1076 998 1152; x_wconf 88' lang='grc' dir='ltr'><strong><em>αὐτὸς</em></strong></span> <span class='ocrx_word' id='word_1_62' title='bbox 1020 1078 1083 1163; x_wconf 77' lang='grc' dir='ltr'><strong><em>γάρ</em></strong></span> <span class='ocrx_word' id='word_1_63' title='bbox 1102 1081 1182 1162; x_wconf 90' lang='grc' dir='ltr'><strong><em>μίαν</em></strong></span> 
     </span>
     <span class='ocr_line' id='line_1_9' title="bbox 169 1174 1181 1264; baseline 0.004 -20"><span class='ocrx_word' id='word_1_64' title='bbox 169 1178 224 1245; x_wconf 83' lang='grc' dir='ltr'><strong><em>καὶ</em></strong></span> <span class='ocrx_word' id='word_1_65' title='bbox 246 1182 354 1263; x_wconf 89' lang='grc' dir='ltr'><strong><em>μόνην</em></strong></span> <span class='ocrx_word' id='word_1_66' title='bbox 377 1181 532 1263; x_wconf 75' lang='grc' dir='ltr'><strong><em>εἰσβολὴν</em></strong></span> <span class='ocrx_word' id='word_1_67' title='bbox 554 1174 639 1245; x_wconf 76' lang='grc' dir='ltr'><strong><em>εἶναι</em></strong></span> <span class='ocrx_word' id='word_1_68' title='bbox 661 1180 723 1264; x_wconf 77' lang='grc' dir='ltr'><strong><em>τὴν</em></strong></span> <span class='ocrx_word' id='word_1_69' title='bbox 746 1180 781 1246; x_wconf 81' lang='grc' dir='ltr'><strong><em>ἐκ</em></strong></span> <span class='ocrx_word' id='word_1_70' title='bbox 799 1190 859 1247; x_wconf 89' lang='grc' dir='ltr'><strong><em>τοῦ</em></strong></span> <span class='ocrx_word' id='word_1_71' title='bbox 878 1182 1015 1248; x_wconf 88' lang='grc' dir='ltr'><strong><em>δυτικοῦ</em></strong></span> <span class='ocrx_word' id='word_1_72' title='bbox 1034 1183 1181 1249; x_wconf 82' lang='grc' dir='ltr'><strong><em>ὠκεανοῦ</em></strong></span> 
     </span>
     <span class='ocr_line' id='line_1_10' title="bbox 170 1284 1181 1372; baseline 0.001 -20"><span class='ocrx_word' id='word_1_73' title='bbox 170 1289 324 1371; x_wconf 86' lang='grc' dir='ltr'><strong><em>βούλεται</em></strong></span> <span class='ocrx_word' id='word_1_74' title='bbox 347 1287 408 1370; x_wconf 78' lang='grc' dir='ltr'><strong><em>τὴν</em></strong></span> <span class='ocrx_word' id='word_1_75' title='bbox 431 1287 487 1352; x_wconf 87' lang='grc' dir='ltr'><strong><em>διά</em></strong></span> <span class='ocrx_word' id='word_1_76' title='bbox 506 1288 687 1372; x_wconf 91' lang='grc' dir='ltr'><strong><em>Γαδείρων.</em></strong></span> <span class='ocrx_word' id='word_1_77' title='bbox 722 1285 778 1352; x_wconf 81' lang='grc' dir='ltr'><strong><em>καὶ</em></strong></span> <span class='ocrx_word' id='word_1_78' title='bbox 797 1286 849 1352; x_wconf 80' lang='grc' dir='ltr'><strong><em>ἐπὶ</em></strong></span> <span class='ocrx_word' id='word_1_79' title='bbox 871 1284 933 1372; x_wconf 73' lang='grc' dir='ltr'><strong><em>μὲν</em></strong></span> <span class='ocrx_word' id='word_1_80' title='bbox 955 1298 1013 1372; x_wconf 78' lang='grc' dir='ltr'><strong><em>τῆς</em></strong></span> <span class='ocrx_word' id='word_1_81' title='bbox 1030 1291 1181 1355; x_wconf 79' lang='grc' dir='ltr'><strong><em>καθόλου</em></strong></span> 
     </span>
     <span class='ocr_line' id='line_1_11' title="bbox 169 1393 1222 1480; baseline -0.003 -23"><span class='ocrx_word' id='word_1_82' title='bbox 169 1395 387 1477; x_wconf 89' lang='grc' dir='ltr'><strong><em>παλαιότητος</em></strong></span> <span class='ocrx_word' id='word_1_83' title='bbox 405 1393 545 1468; x_wconf 79' lang='grc' dir='ltr'><strong><em>Σκύθας</em></strong></span> <span class='ocrx_word' id='word_1_84' title='bbox 563 1394 605 1457; x_wconf 88' lang='grc' dir='ltr'><strong><em>άν</em></strong></span> <span class='ocrx_word' id='word_1_85' title='bbox 622 1417 673 1469; x_wconf 87' lang='grc' dir='ltr'><strong><em>τις</em></strong></span> <span class='ocrx_word' id='word_1_86' title='bbox 694 1394 845 1480; x_wconf 75' lang='grc' dir='ltr'><strong><em>ὑπολάβῃ</em></strong></span> <span class='ocrx_word' id='word_1_87' title='bbox 868 1395 1051 1480; x_wconf 80' lang='grc' dir='ltr'><strong><em>πρωτεύειν</em></strong></span> <span class='ocrx_word' id='word_1_88' title='bbox 1070 1394 1105 1460; x_wconf 85' lang='grc' dir='ltr'><strong><em>ἐκ</em></strong></span> <span class='ocrx_word' id='word_1_89' title='bbox 1123 1403 1181 1478; x_wconf 76' lang='grc' dir='ltr'><strong><em>τῆς</em></strong></span> <span class='ocrx_word' id='word_1_90' title='bbox 1198 1415 1222 1455; x_wconf 83' lang='grc' dir='ltr'><strong><em>ιο</em></strong></span> 
     </span>
     <span class='ocr_line' id='line_1_12' title="bbox 171 1496 1182 1586; baseline 0.001 -21"><span class='ocrx_word' id='word_1_91' title='bbox 171 1499 309 1584; x_wconf 76' lang='grc' dir='ltr'><strong><em>ῥευστῆς</em></strong></span> <span class='ocrx_word' id='word_1_92' title='bbox 332 1499 457 1582; x_wconf 81' lang='grc' dir='ltr'><strong><em>οὐσίας,</em></strong></span> <span class='ocrx_word' id='word_1_93' title='bbox 479 1498 523 1582; x_wconf 76' lang='grc' dir='ltr'><strong><em>ἣν</em></strong></span> <span class='ocrx_word' id='word_1_94' title='bbox 544 1509 611 1566; x_wconf 89' lang='grc' dir='ltr'><strong><em>τῶν</em></strong></span> <span class='ocrx_word' id='word_1_95' title='bbox 634 1502 805 1584; x_wconf 81' lang='grc' dir='ltr'><strong><em>στοιχείων</em></strong></span> <span class='ocrx_word' id='word_1_96' title='bbox 822 1501 957 1586; x_wconf 86' lang='grc' dir='ltr'><strong><em>πρώτην</em></strong></span> <span class='ocrx_word' id='word_1_97' title='bbox 975 1496 1061 1566; x_wconf 76' lang='grc' dir='ltr'><strong><em>εἶναι</em></strong></span> <span class='ocrx_word' id='word_1_98' title='bbox 1080 1500 1182 1585; x_wconf 91' lang='grc' dir='ltr'><strong><em>άναμ-</em></strong></span> 
     </span>
     <span class='ocr_line' id='line_1_13' title="bbox 159 1604 1182 1694; baseline 0.001 -24"><span class='ocrx_word' id='word_1_99' title='bbox 159 1608 383 1694; x_wconf 45' lang='grc' dir='ltr'><strong><em>ιφισβητητον.</em></strong></span> <span class='ocrx_word' id='word_1_100' title='bbox 438 1607 522 1672; x_wconf 84' lang='grc' dir='ltr'><strong><em>ὅθεν</em></strong></span> <span class='ocrx_word' id='word_1_101' title='bbox 557 1604 611 1672; x_wconf 85' lang='grc' dir='ltr'><strong><em>καλ</em></strong></span> <span class='ocrx_word' id='word_1_102' title='bbox 645 1608 783 1691; x_wconf 89' lang='grc' dir='ltr'><strong><em>Πάρθοι</em></strong></span> <span class='ocrx_word' id='word_1_103' title='bbox 818 1609 892 1691; x_wconf 74' lang='grc' dir='ltr'><strong><em>ἤτοι</em></strong></span> <span class='ocrx_word' id='word_1_104' title='bbox 927 1606 1056 1693; x_wconf 82' lang='grc' dir='ltr'><strong><em>Πέρσαι</em></strong></span> <span class='ocrx_word' id='word_1_105' title='bbox 1099 1605 1182 1692; x_wconf 75' lang='grc' dir='ltr'><strong><em>μέγα</em></strong></span> 
     </span>
     <span class='ocr_line' id='line_1_14' title="bbox 170 1709 1182 1798; baseline 0.001 -21"><span class='ocrx_word' id='word_1_106' title='bbox 170 1722 357 1798; x_wconf 85' lang='grc' dir='ltr'><strong><em>φρονοῦσιν</em></strong></span> <span class='ocrx_word' id='word_1_107' title='bbox 388 1711 442 1778; x_wconf 77' lang='grc' dir='ltr'><strong><em>ἐπὶ</em></strong></span> <span class='ocrx_word' id='word_1_108' title='bbox 473 1716 679 1798; x_wconf 88' lang='grc' dir='ltr'><strong><em>παλαιότητι·</em></strong></span> <span class='ocrx_word' id='word_1_109' title='bbox 708 1715 849 1792; x_wconf 78' lang='grc' dir='ltr'><strong><em>Σκύθας</em></strong></span> <span class='ocrx_word' id='word_1_110' title='bbox 880 1711 917 1780; x_wconf 78' lang='grc' dir='ltr'><strong><em>δὲ</em></strong></span> <span class='ocrx_word' id='word_1_111' title='bbox 941 1713 1062 1791; x_wconf 84' lang='grc' dir='ltr'><strong><em>αὐτούς</em></strong></span> <span class='ocrx_word' id='word_1_112' title='bbox 1095 1709 1182 1780; x_wconf 83' lang='grc' dir='ltr'><strong><em>εἶναι</em></strong></span> 
     </span>
     <span class='ocr_line' id='line_1_15' title="bbox 169 1816 1181 1906; baseline 0.002 -22"><span class='ocrx_word' id='word_1_113' title='bbox 169 1820 288 1896; x_wconf 90' lang='grc' dir='ltr'><strong><em>πάντες</em></strong></span> <span class='ocrx_word' id='word_1_114' title='bbox 319 1816 381 1904; x_wconf 73' lang='grc' dir='ltr'><strong><em>μὲν</em></strong></span> <span class='ocrx_word' id='word_1_115' title='bbox 412 1829 653 1906; x_wconf 86' lang='grc' dir='ltr'><strong><em>μαρτυροῦσιν,</em></strong></span> <span class='ocrx_word' id='word_1_116' title='bbox 679 1818 854 1906; x_wconf 87' lang='grc' dir='ltr'><strong><em>Ἀρριανὸς</em></strong></span> <span class='ocrx_word' id='word_1_117' title='bbox 886 1817 923 1886; x_wconf 71' lang='grc' dir='ltr'><strong><em>δὲ</em></strong></span> <span class='ocrx_word' id='word_1_118' title='bbox 949 1823 1112 1887; x_wconf 89' lang='grc' dir='ltr'><strong><em>δείκνυσι·</em></strong></span> <span class='ocrx_word' id='word_1_119' title='bbox 1144 1821 1181 1886; x_wconf 86' lang='grc' dir='ltr'><strong><em>τὸ</em></strong></span> 
     </span>
     <span class='ocr_line' id='line_1_16' title="bbox 169 1925 1221 2012; baseline -0.003 -23"><span class='ocrx_word' id='word_1_120' title='bbox 169 1927 232 2011; x_wconf 77' lang='grc' dir='ltr'><strong><em>γάρ</em></strong></span> <span class='ocrx_word' id='word_1_121' title='bbox 256 1926 397 2012; x_wconf 78' lang='grc' dir='ltr'><strong><em>Πάρθος</em></strong></span> <span class='ocrx_word' id='word_1_122' title='bbox 419 1927 524 2011; x_wconf 86' lang='grc' dir='ltr'><strong><em>όνομα</em></strong></span> <span class='ocrx_word' id='word_1_123' title='bbox 547 1925 565 1992; x_wconf 90' lang='grc' dir='ltr'><strong><em>δ</em></strong></span> <span class='ocrx_word' id='word_1_124' title='bbox 589 1927 728 2011; x_wconf 85' lang='grc' dir='ltr'><strong><em>Σκύθης</em></strong></span> <span class='ocrx_word' id='word_1_125' title='bbox 750 1925 805 1992; x_wconf 85' lang='grc' dir='ltr'><strong><em>καὶ</em></strong></span> <span class='ocrx_word' id='word_1_126' title='bbox 833 1929 955 2012; x_wconf 80' lang='grc' dir='ltr'><strong><em>ἔπηλυς</em></strong></span> <span class='ocrx_word' id='word_1_127' title='bbox 980 1927 1050 1992; x_wconf 88' lang='grc' dir='ltr'><strong><em>κατ’</em></strong></span> <span class='ocrx_word' id='word_1_128' title='bbox 1078 1927 1181 1993; x_wconf 86' lang='grc' dir='ltr'><strong><em>αὐτὸν</em></strong></span> <span class='ocrx_word' id='word_1_129' title='bbox 1195 1946 1221 1987; x_wconf 84' lang='lat'><strong><em>15</em></strong></span> 
     </span>
     <span class='ocr_line' id='line_1_17' title="bbox 170 2031 1182 2122; baseline 0.001 -25"><span class='ocrx_word' id='word_1_130' title='bbox 170 2041 209 2118; x_wconf 77' lang='grc' dir='ltr'><strong><em>τῇ</em></strong></span> <span class='ocrx_word' id='word_1_131' title='bbox 228 2037 378 2098; x_wconf 84' lang='grc' dir='ltr'><strong><em>Σκυθῶν</em></strong></span> <span class='ocrx_word' id='word_1_132' title='bbox 396 2042 490 2119; x_wconf 77' lang='grc' dir='ltr'><strong><em>φωνῇ</em></strong></span> <span class='ocrx_word' id='word_1_133' title='bbox 515 2031 736 2122; x_wconf 83' lang='grc' dir='ltr'><strong><em>ἑρμηνεύεται.</em></strong></span> <span class='ocrx_word' id='word_1_134' title='bbox 781 2032 834 2100; x_wconf 81' lang='grc' dir='ltr'><strong><em>ἐπὶ</em></strong></span> <span class='ocrx_word' id='word_1_135' title='bbox 861 2031 899 2100; x_wconf 73' lang='grc' dir='ltr'><strong><em>δὲ</em></strong></span> <span class='ocrx_word' id='word_1_136' title='bbox 925 2042 982 2118; x_wconf 77' lang='grc' dir='ltr'><strong><em>της</em></strong></span> <span class='ocrx_word' id='word_1_137' title='bbox 1010 2032 1182 2118; x_wconf 77' lang='grc' dir='ltr'><strong><em>ἑλληνικῆς</em></strong></span> 
     </span>
     <span class='ocr_line' id='line_1_18' title="bbox 148 2138 1183 2226; baseline 0 -22"><span class='ocrx_word' id='word_1_138' title='bbox 148 2138 384 2224; x_wconf 79' lang='grc' dir='ltr'><strong><em>,ἀρχαιότητος</em></strong></span> <span class='ocrx_word' id='word_1_139' title='bbox 413 2141 565 2226; x_wconf 85' lang='grc' dir='ltr'><strong><em>πρώτους</em></strong></span> <span class='ocrx_word' id='word_1_140' title='bbox 596 2141 731 2205; x_wconf 86' lang='grc' dir='ltr'><strong><em>πάντων</em></strong></span> <span class='ocrx_word' id='word_1_141' title='bbox 761 2141 954 2226; x_wconf 90' lang='grc' dir='ltr'><strong><em>άνθρώπων</em></strong></span> <span class='ocrx_word' id='word_1_142' title='bbox 984 2141 1065 2225; x_wconf 86' lang='grc' dir='ltr'><strong><em>μετά</em></strong></span> <span class='ocrx_word' id='word_1_143' title='bbox 1094 2145 1183 2204; x_wconf 90' lang='grc' dir='ltr'><strong><em>Δευ-</em></strong></span> 
     </span>
     <span class='ocr_line' id='line_1_19' title="bbox 170 2243 1242 2332; baseline 0 -23"><span class='ocrx_word' id='word_1_144' title='bbox 170 2248 316 2310; x_wconf 88' lang='grc' dir='ltr'><strong><em>καλίωνα</em></strong></span> <span class='ocrx_word' id='word_1_145' title='bbox 330 2243 494 2330; x_wconf 86' lang='grc' dir='ltr'><strong><em>Ἕλληνας</em></strong></span> <span class='ocrx_word' id='word_1_146' title='bbox 519 2247 729 2332; x_wconf 88' lang='grc' dir='ltr'><strong><em>παραδίδωσι</em></strong></span> <span class='ocrx_word' id='word_1_147' title='bbox 755 2248 795 2311; x_wconf 82' lang='grc' dir='ltr'><strong><em>τὰ</em></strong></span> <span class='ocrx_word' id='word_1_148' title='bbox 822 2250 935 2331; x_wconf 82' lang='grc' dir='ltr'><strong><em>βιβλία</em></strong></span> <span class='ocrx_word' id='word_1_149' title='bbox 958 2244 1119 2332; x_wconf 90' lang='grc' dir='ltr'><strong><em>Ἀρκάδας</em></strong></span> <span class='ocrx_word' id='word_1_150' title='bbox 1147 2268 1185 2312; x_wconf 71' lang='grc' dir='ltr'><strong><em>τε,</em></strong></span> <span class='ocrx_word' id='word_1_151' title='bbox 1241 2255 1242 2258; x_wconf 75' lang='grc'>’</span> 
     </span>
     <span class='ocr_line' id='line_1_20' title="bbox 170 2348 1182 2439; baseline -0.001 -23"><span class='ocrx_word' id='word_1_152' title='bbox 170 2350 225 2416; x_wconf 85' lang='grc' dir='ltr'><strong><em>καλ</em></strong></span> <span class='ocrx_word' id='word_1_153' title='bbox 249 2355 474 2436; x_wconf 90' lang='grc' dir='ltr'><strong><em>Σικυωνίους,</em></strong></span> <span class='ocrx_word' id='word_1_154' title='bbox 501 2351 623 2418; x_wconf 77' lang='grc' dir='ltr'><strong><em>ὡσανεί</em></strong></span> <span class='ocrx_word' id='word_1_155' title='bbox 644 2353 789 2439; x_wconf 82' lang='grc' dir='ltr'><strong><em>ἀρχάδας</em></strong></span> <span class='ocrx_word' id='word_1_156' title='bbox 811 2351 866 2418; x_wconf 85' lang='grc' dir='ltr'><strong><em>καλ</em></strong></span> <span class='ocrx_word' id='word_1_157' title='bbox 893 2351 1098 2438; x_wconf 78' lang='grc' dir='ltr'><strong><em>άρχετύπους</em></strong></span> <span class='ocrx_word' id='word_1_158' title='bbox 1126 2348 1182 2415; x_wconf 84' lang='grc' dir='ltr'><strong><em>καὶ</em></strong></span> 
     </span>
     <span class='ocr_line' id='line_1_21' title="bbox 170 2457 1222 2545; baseline -0.004 -23"><span class='ocrx_word' id='word_1_159' title='bbox 170 2469 401 2544; x_wconf 75' lang='grc' dir='ltr'><strong><em>πρωτογενεῑς·</em></strong></span> <span class='ocrx_word' id='word_1_160' title='bbox 425 2459 507 2525; x_wconf 83' lang='grc' dir='ltr'><strong><em>ὅθεν</em></strong></span> <span class='ocrx_word' id='word_1_161' title='bbox 528 2457 583 2524; x_wconf 81' lang='grc' dir='ltr'><strong><em>καὶ</em></strong></span> <span class='ocrx_word' id='word_1_162' title='bbox 607 2464 705 2524; x_wconf 85' lang='grc' dir='ltr'><strong><em>Πᾶνα</em></strong></span> <span class='ocrx_word' id='word_1_163' title='bbox 723 2458 878 2545; x_wconf 78' lang='grc' dir='ltr'><strong><em>Ἀρκάδες</em></strong></span> <span class='ocrx_word' id='word_1_164' title='bbox 898 2458 1065 2544; x_wconf 79' lang='grc' dir='ltr'><strong><em>ἐτίμησαν,</em></strong></span> <span class='ocrx_word' id='word_1_165' title='bbox 1087 2480 1181 2522; x_wconf 92' lang='grc' dir='ltr'><strong><em>τουτ-</em></strong></span> <span class='ocrx_word' id='word_1_166' title='bbox 1195 2478 1222 2518; x_wconf 82' lang='grc' dir='ltr'><strong><em>ιο</em></strong></span> 
     </span>
    </p>
   </div>
   <div class='ocr_carea' id='block_1_3' title="bbox 171 2560 1224 3073">
    <p class='ocr_par' dir='ltr' id='par_1_3' title="bbox 171 2560 1224 3073">
     <span class='ocr_line' id='line_1_22' title="bbox 172 2560 1181 2652; baseline -0.001 -22"><span class='ocrx_word' id='word_1_167' title='bbox 172 2562 241 2630; x_wconf 78' lang='grc' dir='ltr'><strong><em>ἐστι</em></strong></span> <span class='ocrx_word' id='word_1_168' title='bbox 262 2567 339 2630; x_wconf 90' lang='grc' dir='ltr'><strong><em>τόδε</em></strong></span> <span class='ocrx_word' id='word_1_169' title='bbox 361 2567 398 2630; x_wconf 87' lang='grc' dir='ltr'><strong><em>τὸ</em></strong></span> <span class='ocrx_word' id='word_1_170' title='bbox 420 2575 498 2650; x_wconf 88' lang='grc' dir='ltr'><strong><em>πᾶν,</em></strong></span> <span class='ocrx_word' id='word_1_171' title='bbox 521 2562 625 2650; x_wconf 73' lang='grc' dir='ltr'><strong><em>μηδὲν</em></strong></span> <span class='ocrx_word' id='word_1_172' title='bbox 647 2567 737 2652; x_wconf 87' lang='grc' dir='ltr'><strong><em>παρά</em></strong></span> <span class='ocrx_word' id='word_1_173' title='bbox 758 2568 798 2631; x_wconf 86' lang='grc' dir='ltr'><strong><em>τά</em></strong></span> <span class='ocrx_word' id='word_1_174' title='bbox 823 2567 965 2649; x_wconf 76' lang='grc' dir='ltr'><strong><em>αἰσθητά</em></strong></span> <span class='ocrx_word' id='word_1_175' title='bbox 984 2560 1071 2630; x_wconf 80' lang='grc' dir='ltr'><strong><em>εἶναι</em></strong></span> <span class='ocrx_word' id='word_1_176' title='bbox 1089 2567 1181 2649; x_wconf 92' lang='grc' dir='ltr'><strong><em>νομί-</em></strong></span> 
     </span>
     <span class='ocr_line' id='line_1_23' title="bbox 171 2670 1182 2759; baseline -0.001 -23"><span class='ocrx_word' id='word_1_177' title='bbox 171 2687 295 2748; x_wconf 86' lang='grc' dir='ltr'><strong><em>σαντες.</em></strong></span> <span class='ocrx_word' id='word_1_178' title='bbox 340 2672 392 2738; x_wconf 82' lang='grc' dir='ltr'><strong><em>ὅτι</em></strong></span> <span class='ocrx_word' id='word_1_179' title='bbox 422 2670 477 2737; x_wconf 84' lang='grc' dir='ltr'><strong><em>καὶ</em></strong></span> <span class='ocrx_word' id='word_1_180' title='bbox 505 2673 730 2759; x_wconf 80' lang='grc' dir='ltr'><strong><em>προσελήνονς</em></strong></span> <span class='ocrx_word' id='word_1_181' title='bbox 763 2672 884 2748; x_wconf 85' lang='grc' dir='ltr'><strong><em>αὐτοὺς</em></strong></span> <span class='ocrx_word' id='word_1_182' title='bbox 913 2671 931 2738; x_wconf 90' lang='grc' dir='ltr'><strong><em>δ</em></strong></span> <span class='ocrx_word' id='word_1_183' title='bbox 960 2678 1070 2756; x_wconf 87' lang='grc' dir='ltr'><strong><em>μῦθος</em></strong></span> <span class='ocrx_word' id='word_1_184' title='bbox 1101 2673 1182 2755; x_wconf 82' lang='grc' dir='ltr'><strong><em>ἔχει·</em></strong></span> 
     </span>
     <span class='ocr_line' id='line_1_24' title="bbox 171 2775 1183 2865; baseline -0.001 -22"><span class='ocrx_word' id='word_1_185' title='bbox 171 2777 232 2862; x_wconf 78' lang='grc' dir='ltr'><strong><em>οὐχ</em></strong></span> <span class='ocrx_word' id='word_1_186' title='bbox 255 2777 306 2843; x_wconf 86' lang='grc' dir='ltr'><strong><em>ότι</em></strong></span> <span class='ocrx_word' id='word_1_187' title='bbox 327 2779 392 2864; x_wconf 90' lang='grc' dir='ltr'><strong><em>πρὸ</em></strong></span> <span class='ocrx_word' id='word_1_188' title='bbox 410 2786 468 2862; x_wconf 74' lang='grc' dir='ltr'><strong><em>τῆς</em></strong></span> <span class='ocrx_word' id='word_1_189' title='bbox 492 2781 629 2863; x_wconf 78' lang='grc' dir='ltr'><strong><em>σελήνης</em></strong></span> <span class='ocrx_word' id='word_1_190' title='bbox 647 2777 849 2865; x_wconf 81' lang='grc' dir='ltr'><strong><em>ἀνθρώπους</em></strong></span> <span class='ocrx_word' id='word_1_191' title='bbox 867 2780 910 2844; x_wconf 86' lang='grc' dir='ltr'><strong><em>άν</em></strong></span> <span class='ocrx_word' id='word_1_192' title='bbox 927 2802 978 2856; x_wconf 93' lang='grc' dir='ltr'><strong><em>τις</em></strong></span> <span class='ocrx_word' id='word_1_193' title='bbox 996 2779 1070 2862; x_wconf 92' lang='grc' dir='ltr'><strong><em>δοίη</em></strong></span> <span class='ocrx_word' id='word_1_194' title='bbox 1089 2775 1183 2842; x_wconf 84' lang='grc' dir='ltr'><strong><em>ποτέ·</em></strong></span> 
     </span>
     <span class='ocr_line' id='line_1_25' title="bbox 172 2881 1181 2971; baseline -0.001 -22"><span class='ocrx_word' id='word_1_195' title='bbox 172 2882 244 2949; x_wconf 83' lang='grc' dir='ltr'><strong><em>ἀλλ’</em></strong></span> <span class='ocrx_word' id='word_1_196' title='bbox 273 2885 324 2950; x_wconf 88' lang='grc' dir='ltr'><strong><em>ὅτι</em></strong></span> <span class='ocrx_word' id='word_1_197' title='bbox 346 2885 410 2970; x_wconf 90' lang='grc' dir='ltr'><strong><em>πρὸ</em></strong></span> <span class='ocrx_word' id='word_1_198' title='bbox 434 2885 666 2963; x_wconf 86' lang='grc' dir='ltr'><strong><em>διατυπώσεως</em></strong></span> <span class='ocrx_word' id='word_1_199' title='bbox 687 2897 755 2952; x_wconf 92' lang='grc' dir='ltr'><strong><em>τῶν</em></strong></span> <span class='ocrx_word' id='word_1_200' title='bbox 777 2896 891 2970; x_wconf 86' lang='grc' dir='ltr'><strong><em>μηνῶν</em></strong></span> <span class='ocrx_word' id='word_1_201' title='bbox 913 2884 1075 2971; x_wconf 88' lang='grc' dir='ltr'><strong><em>Ἀρκάδας</em></strong></span> <span class='ocrx_word' id='word_1_202' title='bbox 1098 2881 1181 2968; x_wconf 84' lang='grc' dir='ltr'><strong><em>φησὶ</em></strong></span> 
     </span>
     <span class='ocr_line' id='line_1_26' title="bbox 171 2989 1224 3073; baseline 0 -17"><span class='ocrx_word' id='word_1_203' title='bbox 171 2989 226 3056; x_wconf 84' lang='grc' dir='ltr'><strong><em>καὶ</em></strong></span> <span class='ocrx_word' id='word_1_204' title='bbox 249 2994 460 3067; x_wconf 87' lang='grc' dir='ltr'><strong><em>Σικυωνίους</em></strong></span> <span class='ocrx_word' id='word_1_205' title='bbox 477 2989 644 3073; x_wconf 74' lang='grc' dir='ltr'><strong><em>γενέσθαι.</em></strong></span> <span class='ocrx_word' id='word_1_206' title='bbox 1197 3007 1224 3048; x_wconf 78' lang='lat'><strong><em>2⁵</em></strong></span> 
     </span>
    </p>
   </div>
   <div class='ocr_carea' id='block_1_4' title="bbox 171 3218 1181 3360">
    <p class='ocr_par' dir='ltr' id='par_1_4' title="bbox 171 3218 1181 3360">
     <span class='ocr_line' id='line_1_27' title="bbox 242 3218 1181 3290; baseline -0.002 -18"><span class='ocrx_word' id='word_1_207' title='bbox 242 3237 267 3273; x_wconf 87' lang='lat' dir='ltr'><strong><em>v.</em></strong></span> <span class='ocrx_word' id='word_1_208' title='bbox 283 3225 297 3272; x_wconf 79' lang='lat'><strong><em>&#39;1</em></strong></span> <span class='ocrx_word' id='word_1_209' title='bbox 316 3218 433 3273; x_wconf 79' lang='lat' dir='ltr'>Ptolem.</span> <span class='ocrx_word' id='word_1_210' title='bbox 453 3235 547 3289; x_wconf 81' lang='lat' dir='ltr'>geogr.</span> <span class='ocrx_word' id='word_1_211' title='bbox 562 3219 621 3290; x_wconf 86' lang='lat' dir='ltr'>VII,</span> <span class='ocrx_word' id='word_1_212' title='bbox 641 3225 697 3289; x_wconf 78' lang='lat'><strong><em>5,3</em></strong></span> <span class='ocrx_word' id='word_1_213' title='bbox 775 3225 809 3274; x_wconf 82' lang='lat'><strong><em>14</em></strong></span> <span class='ocrx_word' id='word_1_214' title='bbox 827 3218 940 3274; x_wconf 75' lang='lat' dir='ltr'><strong>Arriani</strong></span> <span class='ocrx_word' id='word_1_215' title='bbox 958 3218 1148 3288; x_wconf 75' lang='lat' dir='ltr'><strong>fragmentum</strong></span> <span class='ocrx_word' id='word_1_216' title='bbox 1166 3232 1181 3271; x_wconf 85' lang='lat' dir='ltr'>e</span> 
     </span>
     <span class='ocr_line' id='line_1_28' title="bbox 171 3289 762 3360; baseline 0.003 -16"><span class='ocrx_word' id='word_1_217' title='bbox 171 3289 261 3359; x_wconf 88' lang='lat' dir='ltr'>primo</span> <span class='ocrx_word' id='word_1_218' title='bbox 279 3289 352 3344; x_wconf 89' lang='lat' dir='ltr'><strong>libro</strong></span> <span class='ocrx_word' id='word_1_219' title='bbox 371 3293 527 3359; x_wconf 83' lang='grc' dir='ltr'><strong><em>Παρθικῶν</em></strong></span> <span class='ocrx_word' id='word_1_220' title='bbox 545 3290 762 3360; x_wconf 73' lang='lat' dir='ltr'><strong>deperditomm.</strong></span> 
     </span>
    </p>
   </div>
   <div class='ocr_carea' id='block_1_5' title="bbox 170 3501 1185 3713">
    <p class='ocr_par' dir='ltr' id='par_1_5' title="bbox 170 3501 1185 3713">
     <span class='ocr_line' id='line_1_29' title="bbox 241 3501 1181 3576; baseline -0.001 -20"><span class='ocrx_word' id='word_1_221' title='bbox 241 3521 265 3558; x_wconf 90' lang='lat' dir='ltr'><strong><em>v.</em></strong></span> <span class='ocrx_word' id='word_1_222' title='bbox 280 3508 297 3556; x_wconf 83' lang='lat'><strong>3</strong></span> <span class='ocrx_word' id='word_1_223' title='bbox 312 3505 341 3557; x_wconf 70' lang='lat' dir='ltr'><strong><em>et</em></strong></span> <span class='ocrx_word' id='word_1_224' title='bbox 355 3510 370 3557; x_wconf 88' lang='grc'><strong>6</strong></span> <span class='ocrx_word' id='word_1_225' title='bbox 385 3501 589 3576; x_wconf 70' lang='grc' dir='ltr'><strong><em>ύπερβορίουδ</em></strong></span> <span class='ocrx_word' id='word_1_226' title='bbox 659 3510 692 3558; x_wconf 78' lang='lat'><strong><em>12</em></strong></span> <span class='ocrx_word' id='word_1_227' title='bbox 712 3502 782 3558; x_wconf 85' lang='grc' dir='ltr'><strong><em>δθεν</em></strong></span> <span class='ocrx_word' id='word_1_228' title='bbox 791 3535 827 3544; x_wconf 99' lang='grc'>-</span> <span class='ocrx_word' id='word_1_229' title='bbox 838 3509 871 3556; x_wconf 86' lang='grc'><strong><em>16</em></strong></span> <span class='ocrx_word' id='word_1_230' title='bbox 891 3501 1067 3571; x_wconf 80' lang='grc' dir='ltr'><strong><em>ἑρμηνεύεται</em></strong></span> <span class='ocrx_word' id='word_1_231' title='bbox 1082 3503 1181 3557; x_wconf 78' lang='lat' dir='ltr'>eadem</span> 
     </span>
     <span class='ocr_line' id='line_1_30' title="bbox 170 3572 1185 3713; baseline 0 -85"><span class='ocrx_word' id='word_1_232' title='bbox 170 3573 307 3713; x_wconf 42' lang='lat' dir='ltr'><strong><em>w&amp;</em></strong></span> <span class='ocrx_word' id='word_1_233' title='bbox 321 3574 449 3699; x_wconf 49' lang='lat' dir='ltr'>maggine</span> <span class='ocrx_word' id='word_1_234' title='bbox 471 3575 577 3645; x_wconf 75' lang='lat' dir='ltr'><strong>scripta</strong></span> <span class='ocrx_word' id='word_1_235' title='bbox 601 3573 741 3630; x_wconf 75' lang='lat' dir='ltr'><strong>asteriscis</strong></span> <span class='ocrx_word' id='word_1_236' title='bbox 768 3573 888 3643; x_wconf 76' lang='lat' dir='ltr'><strong>adpietis</strong></span> <span class='ocrx_word' id='word_1_237' title='bbox 911 3575 966 3627; x_wconf 83' lang='lat' dir='ltr'><strong><em>huc</em></strong></span> <span class='ocrx_word' id='word_1_238' title='bbox 988 3572 1185 3628; x_wconf 77' lang='lat' dir='ltr'>referunturS</span> 
     </span>
    </p>
   </div>
   <div class='ocr_carea' id='block_1_6' title="bbox 0 0 1400 4214">
    <p class='ocr_par' dir='ltr' id='par_1_6' title="bbox 0 0 1400 4214">
     <span class='ocr_line' id='line_1_31' title="bbox 0 0 1400 4214; baseline 0 0"><span class='ocrx_word' id='word_1_239' title='bbox 0 0 1400 4214; x_wconf 95' lang='lat' dir='ltr'><strong><em> </em></strong></span> 
     </span>
    </p>
   </div>
  </div>
 </body>
</html>
