2760 4234
241 258 305 324 150
484 258 592 313 LIBER
610 257 786 324 QUARTUS.
813 258 1002 314 AUGUSTUS

199 425 332 506 Χχαίας
354 430 415 486 τοῦ
433 422 536 506 μηνὸς
553 422 675 488 τούτου
695 425 930 508 προσηγορίας·
953 422 1124 502 Σεξτίλιος
1142 424 1249 508 <γάρ>

238 529 318 612 μετά
347 527 407 592 τὸν
433 531 617 594 Κυντίλιον
647 528 844 613 ὠνομάζετο·
875 529 958 595 ὅθεν
988 530 1020 594 οἱ
1049 528 1116 615 μετ’
1144 530 1248 596 αὐτὸν

239 635 315 719 άχρι
347 643 407 699 τοῦ
435 635 574 700 δεκάτου
602 635 642 700 οὐ
668 638 804 720 κυρίαν,
834 634 917 701 άλλά
944 637 1005 719 την
1033 635 1065 715 ἐξ
1093 636 1249 723 ἀριθμῶν

197 750 224 802 Η
238 738 370 805 ἕλκουσι
392 745 628 827 προσηγορίαν.
664 742 860 823 Αὔγουστος
883 738 920 807 ὁὸ
942 741 1083 828 ὔστερον
1105 766 1249 828 μετωνο-

211 847 361 930 τμάσθη,
385 848 429 924 ὠς
451 846 512 933 μέν
534 847 622 924 τινές
645 865 758 933 φασιν,
780 847 846 914 ὑπὸ
867 857 928 914 τού
947 849 1147 932 Αὐγούστου
1164 853 1250 915 Καί-

238 969 338 1038 σαρος
361 954 417 1019 ὁιά
440 956 477 1020 τὸ
501 954 537 1020 ἕν
559 963 606 1043 τῷ
628 953 707 1040 μηνλ
730 956 836 1043 τούτῳ
859 957 938 1032 τοὺς
961 954 1143 1040 ἐμφυλίους
1164 966 1250 1022 παῦ-

238 1076 293 1123 σαι
315 1058 490 1146 πολέμους,
514 1061 572 1138 οὓς
595 1064 667 1127 τότε
685 1064 831 1138 πολλοὺς
849 1057 937 1146 εἶχεν
953 1062 974 1145 η
989 1061 1104 1147 Ῥώμη,
1126 1062 1181 1128 καὶ
1200 1066 1249 1141 είς

196 1176 223 1229 Y
237 1166 396 1252 ὁμόνοιαν
418 1170 496 1245 τοὺς
514 1167 691 1254 Ῥωμαίους
717 1170 781 1252 ἤδη
809 1178 1021 1253 καταστῆσαι·
1050 1168 1105 1234 καλ
1134 1169 1248 1254 ἐπειδὴ

237 1274 355 1356 ὔγόοός
388 1274 478 1340 ἐστιν
509 1273 573 1340 ἀπὸ
597 1273 821 1361 Ἰανουαρίου,
852 1274 958 1363 τούτῳ
990 1283 1037 1363 τῷ
1069 1275 1177 1364 ὀγδόῳ
1209 1278 1247 1342 τὸ

198 1406 223 1446 ιο
237 1381 342 1464 ὔνομα
364 1390 424 1446 τοῦ
446 1390 505 1465 τῆς
526 1381 682 1466 ὁμονοίας
700 1382 813 1458 αὐτοῖς
832 1383 940 1447 αἰτίου
959 1381 1128 1448 άνίθεντο.
1165 1385 1248 1448 κατά

236 1488 299 1572 γάρ
325 1489 403 1564 τούς
426 1491 686 1572 Πυθαγορικοὺς
714 1488 873 1573 ὁμολογία
899 1486 954 1552 καλ
981 1490 1089 1554 πειθὼ
1116 1488 1137 1572 ὁ
1161 1489 1246 1554 ὀκτὼ

234 1599 393 1659 καλεῖται·
420 1606 549 1678 πρῶτος
576 1596 640 1681 γάρ
664 1593 732 1660 ἐστι
754 1595 856 1678 κύβος
883 1594 943 1677 τὴν
966 1604 1026 1660 τοῦ
1050 1596 1173 1672 παντὸς
1196 1597 1247 1660 αλ-

236 1706 364 1783 σθητοῦ
388 1699 480 1765 ἰθέαν
502 1699 673 1786 περιέχον,
696 1702 779 1766 κατά
800 1723 835 1767 τε
857 1710 959 1785 μῆκος
976 1700 1032 1766 καὶ
1050 1704 1172 1778 πλάτος
1190 1701 1246 1767 καὶ

236 1807 352 1888 βάθος,
379 1804 433 1870 καλ
456 1811 562 1883 καλῶς
589 1807 750 1891 ὁμολογία
771 1806 893 1873 καλοῖτ’
918 1809 973 1872 ὔν·
1002 1807 1039 1872 ἐν
1066 1807 1155 1896 αὐτῷ
1182 1809 1246 1894 γάρ

195 1922 222 1976 Η
236 1913 275 1976 τά
306 1913 442 1997 περιττά
472 1923 541 1988 τοῖς
573 1912 699 1997 άρτίοις
731 1914 955 1997 ὡμολόγησαν.
1001 1915 1045 1991 ὠς
1073 1910 1111 1979 ὁὸ
1138 1912 1248 2000 ἕτεροί

195 2044 221 2084 16
235 2034 331 2102 φασι,
363 2027 423 2084 τού
445 2017 644 2101 Αὐγούστου
666 2023 835 2106 Καίσαρος
861 2028 907 2109 τῷ
934 2019 1014 2105 μηνὶ
1036 2021 1142 2108 τούτῳ
1166 2020 1247 2086 άπο-

235 2127 400 2202 θανόντος
419 2127 451 2190 ολ
465 2124 614 2210 Ῥωμαῖοι
633 2127 716 2212 πρὸς
734 2127 833 2211 τιμὴν
850 2127 953 2193 αὐτοῦ
972 2128 1171 2210 Αὔγουστον
1189 2129 1248 2193 τὸν

144 2238 223 2295 XHS
238 2241 325 2316 μῆνα
340 2231 523 2317 ὠνόμασαν.
559 2231 614 2297 καὶ
629 2228 727 2310 οὖτος
741 2230 777 2298 ὁὸ
792 2234 1012 2316 ὁΑὔγουστος
1023 2237 1164 2320 Καῖσαρ,
1179 2244 1258 2298 RrIV
1269 2251 1306 2300 72

236 2340 308 2415 υίὸς
317 2337 499 2422 Ὀκταβίου,
513 2338 723 2424 Ὀκταβιανὸς
736 2343 900 2427 πρότερον
910 2339 1066 2423 ἐκαλεῖτο,
1086 2339 1135 2405 ἐπ’
1153 2339 1248 2406 άὸελ-

197 2471 223 2511 ιο
237 2454 283 2531 φῇ
307 2447 453 2532 γαμβρὸς
473 2448 650 2530 γενόμενος
670 2449 759 2535 Γαίῳ
773 2445 902 2535 Ἰουλίῳ
920 2455 967 2534 τῷ
984 2451 1143 2534 Καίσαρι·
1166 2449 1248 2532 μετὰ

196 2562 221 2615 X
236 2548 316 2635 (ὁὸ)
330 2554 370 2616 τά
384 2554 489 2618 πολλά
503 2551 557 2617 καί
571 2554 696 2637 μεγάλα
710 2552 839 2619 ἐκείνου
857 2555 999 2638 τρόπαια
1016 2558 1153 2631 πολλοῖς
1172 2554 1248 2620 ὀνό-

236 2674 338 2740 μασιν
365 2657 508 2742 ἐτιμᾶτο·
539 2659 571 2723 ολ
593 2655 655 2742 μὲν
682 2660 745 2745 γάρ
774 2659 875 2723 αὐτὸν
903 2659 1073 2744 ὠνόμαζον
1094 2663 1247 2747 Κυρῖνον

143 2774 224 2828 st
240 2761 340 2828 ολονεὶ
361 2763 536 2848 Ῥωμύλον,
565 2765 659 2829 άλλοι
682 2767 850 2851 Καίσαρα,
878 2766 978 2853 ψήφῳ
1003 2762 1040 2831 δὲ
1062 2776 1157 2853 κοινῇ
1181 2777 1248 2832 τῶν

236 2866 415 2956 ἀρχιερέων
436 2868 491 2934 καὶ
519 2879 576 2954 τῆς
603 2874 726 2954 βουλῆς
748 2872 943 2953 Αὔγουστος
971 2871 1150 2957 ἐπεκλήθη·
1177 2874 1248 2938 Αὔ-

308 3082 332 3118 ν.
348 3069 362 3116 1
383 3062 479 3136 <γάρ>
494 3063 633 3134 ουρμΙονίῖ
646 3064 727 3118 Hase.
793 3070 809 3117 3
828 3063 981 3134 αὔγουοτος
994 3097 1029 3105 -
1043 3071 1059 3120 8
1078 3073 1248 3135 καταστῆσαι

237 3135 271 3188 Η
340 3140 356 3188 8
374 3135 423 3189 καλ
441 3133 536 3204 ἐπειδὴ
550 3166 585 3175 -
601 3140 634 3188 15
653 3132 831 3206 ὡμολόγησαν
855 3135 884 3188 Y
953 3141 986 3190 15
1006 3137 1043 3199 ὡς
1060 3135 1091 3190 ὁὲ
1111 3135 1248 3203 ἕτεροι-

238 3206 277 3268 είς
295 3204 436 3277 βασιλείαν
454 3209 568 3260 καλοῦσι
586 3208 623 3275 (p.
640 3211 699 3274 151,
714 3207 741 3276 3)
754 3206 789 3259 Η
858 3212 891 3260 18
909 3208 958 3262 καὶ
972 3202 1053 3272 οὗτος
1066 3206 1097 3262 ὁὸ
1115 3207 1130 3262 ὁ
1145 3206 1248 3278 αὔγου-

238 3293 300 3338 στος
318 3286 418 3346 καῖσαρ
438 3275 567 3348 ὁκτάβιος
582 3275 718 3346 πρότερον
732 3277 863 3345 ἐκαλεῖτο,
882 3277 969 3347 ψήφω
984 3276 1015 3332 δὲ
1029 3288 1084 3334 τῶν
1098 3277 1248 3349 ἀρχιερέων

237 3349 380 3417 κοινῇκαὶ
395 3351 449 3418 (24)
464 3348 503 3417 Η,
522 3345 565 3402 ὁτι
579 3347 594 3402 ὁ
610 3347 777 3420 όκταβιανὸς
790 3357 890 3417 καῖσαρ
906 3347 949 3404 ἐπ’
962 3347 1070 3419 άὸελφη
1085 3381 1118 3390 -
1133 3355 1165 3404 21
1186 3348 1248 3418 τρὸ-

237 3435 309 3471 παια
332 3419 420 3489 ψήφω
442 3429 498 3474 τῶν
521 3417 670 3490 ἀρχιερέων
692 3427 773 3490 κοινῆ
797 3421 845 3474 καί
868 3423 923 3491 (24)
947 3420 975 3486 S,
999 3419 1165 3492 όκταβιανὸς
1188 3420 1249 3483 υὸὁς

238 3487 370 3560 ὀκταβίου
390 3488 470 3552 νίκας
487 3491 645 3561 πεποιηκὼς
663 3489 782 3561 μεγάλας
799 3495 911 3553 πολλοῖς
925 3488 1059 3560 ὀνόμασιν
1078 3491 1201 3560 ἐτιμᾶτο·
1221 3491 1248 3545 οἱ

238 3557 288 3628 μὲν
307 3563 362 3631 (22)
381 3564 432 3616 etc.
448 3562 480 3615 X
540 3568 572 3618 21
592 3561 665 3635 (δὲ)
681 3561 779 3615 addidi
838 3567 871 3616 23
891 3560 922 3616 ὁὸ
937 3561 1016 3624 omis,
1030 3563 1091 3631 BS,
1115 3564 1249 3634 Virqilius

237 3631 269 3684 ίκ
284 3631 340 3686 bue.
351 3633 379 3685 B
393 3631 423 3688 in
436 3648 524 3703 marg.
537 3632 542 3706 η
553 3642 608 3688 τῶν
623 3631 772 3704 ἀρχιερέων
786 3642 867 3703 κοινῆ
881 3633 915 3686 Η
917 3633 938 3688 S
991 3638 1026 3687 24
1043 3631 1177 3704 ἐπεκρίθη
1192 3633 1251 3690 HS
