2788 4222
550 262 755 318 PRAEFATIO
1068 265 1156 320 LXXI

145 451 212 491 sum
234 431 266 490 in
289 430 418 491 editione
441 431 620 492 notenses
643 431 744 490 adieci
781 432 842 490 tale
864 431 959 512 igitur
982 435 1055 508 erat,
1078 451 1154 510 quae

145 540 224 580 anno
259 523 342 580 1794
375 518 494 595 Lipsiae
527 538 543 579 e
578 519 702 580 libraria
733 519 981 580 Weidmanniana
1011 523 1155 597 processit

147 604 276 668 ‘Ioannis
310 607 465 668 Laurentii
493 607 760 684 Philadelphiensis
794 609 872 683 Lydi
908 611 1082 685 opusculum
1118 612 1153 670 de

145 698 302 772 mensibus,
321 716 356 756 ex
370 697 518 757 codicibus
534 697 743 773 manuscriptis
756 697 959 758 Bibliothecae
973 698 1153 758 Barbarinae

145 789 177 845 et
199 787 362 845 Vaticanus
390 789 421 844 et
443 787 644 863 fragmentum
665 785 702 844 de
724 787 973 846 terraemotibus
997 805 1032 846 ex
1055 787 1153 848 codice

145 875 347 934 Bibliothecae
366 875 526 952 Angelicee
545 869 718 950 Romanae,
741 893 817 950 quae
841 869 957 952 ‘graece
979 876 1080 949 edidit,
1102 895 1154 935 ve·

144 963 283 1022 rietatem
309 963 445 1024 lectionis
472 966 503 1023 et
530 966 705 1041 arguments
732 963 841 1023 adiecit
862 963 1004 1024 Nicolaus
1028 960 1153 1024 Schcw.’

144 1056 213 1128 post
235 1052 320 1110 illum
343 1053 443 1112 autem
466 1050 576 1128 optime
600 1052 636 1112 de
659 1050 744 1126 Lydo
766 1051 888 1112 meritus
912 1055 957 1112 est
980 1052 1010 1112 0.
1029 1053 1063 1111 B.
1082 1053 1151 1111 Ha·
1164 1064 1310 1104 cuneum

145 1142 234 1215 sius,
253 1143 314 1217 qui,
333 1159 400 1200 cum
418 1159 495 1199 anno
516 1142 600 1199 1812
620 1140 743 1199 Parisiis
757 1138 911 1200 Laurentii
929 1141 1046 1214 librum,
1065 1161 1154 1216 quem

144 1229 181 1288 de
200 1229 423 1307 magistratibus
441 1228 635 1303 reipublicae
650 1228 801 1287 Romanae
816 1229 998 1305 conscripsit,
1017 1229 1116 1288 ederet
1129 1230 1152 1288 Ι.

145 1318 181 1377 D.
195 1318 326 1392 sessim,
342 1317 557 1394 amplissimum
571 1315 726 1393 praemisit
739 1317 982 1376 commentarium
997 1317 1032 1376 de
1041 1317 1152 1376 Ioanne

144 1406 243 1482 Lydo,
272 1425 330 1482 quo
352 1407 384 1464 in
407 1406 443 1464 iis
472 1424 548 1481 quae
574 1404 757 1481 praecedunt
782 1404 953 1482 saepissime
980 1405 1027 1464 usi
1044 1424 1152 1466 sumus.

143 1496 177 1553 in
206 1495 258 1553 illc
289 1497 402 1568 autem,
432 1494 465 1552 id
492 1493 571 1569 quod
597 1494 670 1552 item
696 1493 757 1552 iam
783 1495 960 1568 monuimus,
988 1495 1153 1554 accuratius

144 1582 384 1642 describebantur
407 1582 520 1641 codices
543 1582 673 1641 Parisini
700 1581 799 1658 graeci
824 1584 906 1642 1409
931 1573 985 1663 (F)
1013 1585 1043 1642 et
1066 1584 1152 1642 3084

145 1663 201 1751 (B)
225 1671 398 1746 animusque
420 1671 540 1730 lectoris
561 1671 594 1728 in
617 1670 747 1730 codicem
765 1668 953 1730 Oeseolinum
971 1663 1027 1752 (Ο)
1051 1671 1152 1732 adver-

144 1760 273 1835 tebatur,
296 1759 378 1818 cuius
402 1777 447 1833 ee,
469 1777 545 1834 quae
568 1761 638 1818 sunt
660 1759 697 1818 de
720 1760 868 1820 mensibus
891 1760 1067 1838 fragmenta,
1089 1761 1152 1836 ipse

144 1847 254 1907 Hosius
277 1847 371 1906 edidit
393 1847 431 1906 ad
458 1847 570 1907 calcem
594 1847 665 1908 libri
692 1848 728 1908 de
755 1850 893 1923 ostentis,
920 1849 1042 1908 Parisiis
1067 1850 1151 1908 1823

142 1957 172 2012 p.
192 1939 341 2013 262sqq.‚
364 1936 468 2014 exiguo
492 1937 593 1996 addito
616 1938 827 1997 commentario
849 1957 878 2012 p.
899 1939 1034 2014 333sqq.

210 2025 315 2084 Denuo
347 2028 447 2084 autem
477 2025 575 2102 ipsum
605 2025 716 2084 librum
747 2025 782 2084 de
814 2025 962 2086 mensibus
994 2026 1025 2084 in
1056 2026 1152 2088 lucem

142 2113 237 2172 edidit
267 2113 466 2173 Guilelmus
493 2114 648 2174 Boether
678 2114 855 2190 inscriptum
881 2106 1036 2174 ‘’locivvov
1065 2118 1312 2174 Aoo-Gu-Boethor

142 2202 258 2278 ρεντίσυ
283 2198 489 2278 Φιλαδελφὲως
506 2201 613 2262 Λυδοῦ
636 2200 703 2282 περὶ
723 2210 837 2280 μηνῶν,
859 2202 979 2262 Ioannis
997 2201 1151 2262 Laurentii

143 2290 370 2368 Philadelpheni
401 2290 479 2366 Lydi
515 2291 550 2350 de
581 2291 731 2350 mensibus
763 2309 839 2366 quae
871 2293 974 2351 extant
1006 2293 1151 2366 excerpta,

143 2378 263 2455 Lipsiae
290 2381 321 2438 et
347 2379 532 2440 Darmstedii
557 2374 663 2440 1827?
708 2380 733 2438 is
759 2378 965 2439 Sohowianam
993 2379 1152 2439 editionem

142 2485 236 2542 usque
263 2486 298 2527 eo
326 2471 372 2527 est
398 2470 529 2542 secutus,
555 2471 590 2526 ut
612 2467 836 2543 dispositionem
860 2467 946 2526 illam
968 2467 1152 2545 singulomm

142 2556 377 2633 fragmentorum
404 2575 422 2615 a
451 2555 584 2616 Schowic
612 2557 781 2615 incohatam
811 2556 849 2615 ad
875 2555 965 2616 finem
992 2556 1151 2631 perducere

141 2663 202 2703 non
233 2644 368 2720 auderet,
400 2646 536 2722 quamvis
568 2663 634 2704 eam
662 2645 783 2705 minime
816 2645 984 2706 ahsolutum
1014 2663 1077 2706 esse
1106 2647 1151 2704 in-

141 2733 317 2808 tellexissem
352 2735 482 2793 ceterum
513 2733 598 2794 Hasii
630 2735 841 2794 commentario
874 2736 1037 2794 commotus
1068 2733 1152 2794 Pari·

141 2823 201 2882 sini
229 2824 314 2882 3084
346 2822 487 2882 lectiones
519 2821 628 2882 adiecit
659 2827 688 2882 et
717 2821 868 2884 Lambecli
900 2826 1037 2899 excerpta
1069 2824 1151 2882 adhi-

141 2909 220 2986 buit,
251 2911 288 2970 de
319 2929 372 2970 suo
404 2910 530 2987 denique
561 2911 726 2972 versionem
753 2911 880 2972 latinam
911 2915 942 2972 et
969 2913 1151 2971 coniecturas

141 3000 299 3059 nonnullas
323 2999 450 3074 addidit,
474 2999 579 3076 quibus
598 2999 649 3057 uhi
666 3018 736 3060 usus
754 3019 820 3060 sum
837 3001 870 3060 in
888 3000 1026 3074 editione,
1048 3004 1151 3059 notam

141 3087 189 3146 Rr
210 3087 361 3163 adscripsi

208 3177 338 3236 Ultimus
367 3176 494 3252 denique
524 3175 678 3252 editorum,
710 3197 798 3252 quem
820 3177 1033 3237 nominandum
1061 3176 1150 3236 hube-

141 3283 215 3340 mus,
234 3265 430 3324 Immanuel
448 3265 587 3326 Beklrer
605 3268 658 3341 est,
677 3266 729 3340 qui
747 3285 814 3326 cum
831 3265 948 3341 Lydum
966 3284 1044 3324 anno
1065 3267 1148 3326 1837
1170 3277 1188 3316 1-
1199 3277 1290 3319 Bekkor

141 3353 174 3410 in
196 3371 301 3429 corpus
325 3354 502 3431 scriptorum
524 3354 666 3416 historiae
688 3355 871 3429 Byzantinus
897 3355 1054 3430 reciperet,
1081 3353 1150 3413 libri

141 3441 178 3502 de
200 3443 349 3504 mensibus
372 3461 489 3520 quoque
513 3443 673 3502 editionem
695 3442 919 3519 redintegravit.
959 3457 1054 3517 neque
1075 3443 1150 3502 mul-

141 3533 206 3589 tum
238 3550 274 3590 ea
304 3531 394 3591 editio
423 3531 537 3606 profuit
562 3530 763 3590 Laurentiano
795 3530 949 3606 opusculo,
981 3549 1048 3590 cum
1077 3534 1150 3592 satis

140 3618 294 3680 habuisset
324 3620 475 3680 Bekhems
512 3619 598 3680 Hasii
634 3619 878 3680 commentarium
914 3622 943 3678 et
977 3619 1080 3696 verba,
1116 3624 1151 3679 ut
