2790 4214
405 315 513 369 LIBER
532 313 708 380 QUARTUS.
735 315 963 369 FEBRUARIUS
1148 313 1190 378 85

177 479 299 564 ὁμοίως
326 481 408 544 κατά
436 478 618 560 ἀναλογίαν
645 489 711 543 τῶν
737 478 870 565 ἡμερῶν
898 476 952 543 καί
980 475 1035 542 ἐπὶ
1061 488 1189 561 μηνῶν·
1204 487 1230 540 R

181 584 233 651 ἐπὶ
255 595 316 652 τοῦ
336 590 451 673 τρίτου
469 587 572 670 μηνὸς
591 585 796 668 ἐγκινεῖσθαι
820 585 977 670 ἐχόμενον
1000 593 1038 670 τῆ
1061 586 1179 670 μῆτρη,
1193 593 1243 648 XS

181 691 234 757 ε’πί
257 689 295 758 δέ
317 701 377 757 τοῦ
402 692 543 758 ἐννάτον
565 693 669 776 μηνὸς
690 697 860 768 παντελῶς
882 692 1118 779 ἀπαρτιζεσθαι
1136 689 1192 755 καὶ

178 801 262 886 πρὸς
291 799 408 878 ἔξοδον
437 799 602 864 σπεύδειν.
651 797 706 864 καὶ
734 801 763 864 εί
790 798 852 883 μέν
879 799 948 864 ἐστι
975 803 1081 882 θῆλυ,
1110 799 1192 863 κατά

178 907 238 971 τὸν
260 909 400 972 ἔννατον
422 915 524 990 μῆνα,
553 908 582 971 εί
605 903 643 971 δέ
665 917 830 992 κρεῖττον,
857 908 939 971 κατά
965 906 1025 970 τὸν
1052 903 1192 970 δέκατον
1219 930 1231 968 5

179 1012 378 1099 ἀρχόμενον,
406 1014 462 1078 διά
489 1014 527 1078 τὸ
556 1014 616 1078 τὸν
637 1009 699 1096 μέν
721 1015 862 1077 ἔννατον
889 1011 1052 1096 ἀριθμόν,
1078 1016 1191 1094 θῆλυν
1204 1021 1231 1074 X

179 1121 259 1184 ὄντα
276 1111 331 1184 καὶ
346 1121 497 1203 Σελήνης
516 1120 650 1201 οίκεῑον,
668 1119 752 1204 πρὸς
769 1118 831 1200 τῆν
848 1118 934 1201 ὕλην
952 1117 1191 1204 ἀναφέρεσθαι,

178 1221 297 1291 τὸνδέ
321 1224 459 1290 δέκατον
482 1224 675 1290 παντέλειον
699 1219 857 1289 εἶναικαὶ
877 1226 1008 1312 ἀρρενα.
1044 1230 1135 1308 θῆλυ
1153 1221 1191 1289 δέ

177 1330 232 1396 καὶ
256 1333 358 1418 ἀρρεν
380 1335 507 1415 γίνεται
534 1333 616 1396 κατά
643 1331 705 1413 τῆν
731 1340 792 1396 τοῦ
814 1337 944 1417 θερμοῦ
968 1329 1189 1416 ἐπικράτειαν·
1219 1356 1231 1394 ε

179 1439 417 1516 πλεονάζοντος
434 1434 497 1522 μὲν
515 1447 574 1502 τοῦ
591 1438 675 1501 κατά
692 1439 729 1502 τὸ
750 1436 877 1524 σπέρμα
895 1444 1035 1524 θερμοῦ,
1054 1439 1110 1502 ἀτε
1123 1445 1181 1520 τῆς
1194 1445 1244 1500 XS

177 1542 303 1626 πήξεως
325 1547 455 1627 ταχείας
477 1542 669 1627 γινομένης,
696 1541 895 1629 ἀρρενοῦται
917 1566 953 1607 τε
979 1541 1033 1607 καὶ
1056 1545 1226 1628 διαμορθ

180 1659 302 1733 φοῦται
325 1648 461 1734 ταχέως,
490 1647 728 1733 ἐλαττουμένης
755 1645 793 1714 δέ
815 1650 1023 1734 κατισχύεται
1045 1649 1111 1714 ὑπὸ
1134 1657 1192 1732 τῆς

179 1754 334 1842 ἐπιρροῆς
356 1754 412 1821 καὶ
434 1758 740 1840 καταγωνιζόμενον
761 1756 955 1839 θηλύνεται,
979 1756 1121 1842 βράδιον
1144 1751 1181 1820 δέ
1194 1767 1244 1822 XS

177 1863 390 1947 πηγνύμενον
413 1864 555 1949 βράδιον
578 1860 632 1928 καὶ
655 1871 852 1949 μορφοῦται.
892 1863 943 1928 ὅτι
966 1859 1003 1927 δέ
1025 1862 1190 1945 ἀληθῆςδ

178 1971 290 2051 λόγος,
318 1971 358 2033 τά
384 1966 447 2054 μὲν
474 1970 598 2057 ἀρρενα
624 1967 680 2034 καὶ
705 1981 773 2034 τῶν
795 1971 1038 2056 τεσσαράκοντα
1059 1969 1191 2056 ἡμερῶν
1205 1996 1231 2036 15

179 2074 272 2152 ἐντὸς
296 2074 575 2160 ἐκτιτρωσκόμενα
603 2076 845 2163 μεμορφωμένα
871 2080 1063 2164 προπίπτει,
1090 2079 1130 2140 τά
1154 2073 1191 2141 δέ

179 2184 285 2265 θῆλεα
294 2179 349 2245 καὶ
363 2184 443 2266 μετά
456 2184 514 2260 τάς
527 2184 771 2269 τεσσαράκοντα
783 2182 907 2270 ἡμέρας
920 2184 1073 2269 σαρκώδη
1087 2180 1191 2247 τεκαὶ

178 2287 396 2352 άδιατάπωτα.
441 2291 522 2373 μετά
546 2286 583 2354 δέ
605 2290 667 2372 τῆν
688 2289 809 2372 κύησιν
832 2288 884 2354 ἐπὶ
908 2298 966 2372 τῆς
988 2293 1100 2376 τρίτης
1120 2312 1191 2372 τεχ-

177 2390 241 2459 θὲν
263 2393 604 2479 ἀποσπαργανοῦσδαι
632 2397 669 2460 τὸ
697 2395 822 2482 βρέφος
849 2400 963 2480 φασίν,
991 2393 1045 2460 ἐπὶ
1073 2393 1111 2461 δέ
1132 2406 1190 2480 τῆς

178 2500 316 2583 ἐννάτης
339 2502 628 2585 ίσχνροποιεῖσθαι
655 2500 711 2566 καὶ
738 2502 829 2586 ἀφῆν
855 2501 1047 2586 ὑπομένειν·
1076 2500 1129 2566 ἐπὶ
1154 2498 1190 2566 δέ
1204 2532 1231 2570 ιο

177 2617 234 2693 τῆς
263 2617 524 2694 τεσσαρακοστῆς
550 2609 821 2693 προσλαμβάνειν
847 2609 884 2673 τὸ
911 2610 1108 2691 γελαστικὸν
1134 2607 1190 2674 καὶ
1231 2591 1235 2602 ’

177 2717 339 2801 ἀρχεσθαι
362 2713 593 2797 ἐπιγινώσκειν
615 2716 677 2798 τῆν
703 2715 836 2802 μητέρα.
881 2713 934 2780 ἐπὶ
962 2711 1000 2780 δὲ
1026 2723 1085 2797 τῆς
1112 2715 1190 2780 ἀνα-

177 2822 410 2905 στοιχειάισεοις
441 2823 520 2898 τοὺς
553 2827 647 2899 ἴσους
684 2819 788 2904 φασὶν
820 2821 987 2908 ἀριθμοὺς
1023 2817 1124 2899 αὖθις
1157 2821 1189 2901 ἐξ

247 3068 271 3103 v.
288 3056 301 3103 1
323 3047 471 3118 δμοίως-
486 3059 580 3120 μηνῶν
595 3049 683 3105 Rfol.
699 3057 754 3119 611,
772 3050 851 3105 omis,
867 3050 924 3106 XS
994 3056 1010 3103 2
1029 3052 1077 3105 καὶ
1091 3049 1136 3104 ἐπὶ
1151 3051 1188 3119 X,

177 3119 223 3174 ἐπὶ
237 3118 268 3174 δέ
278 3120 300 3174 S
308 3120 311 3192 λ
320 3128 370 3174 τοῦ
380 3119 459 3175 omis.
469 3121 501 3174 X
510 3122 513 3194 ῆ
526 3119 659 3192 ἐχόμενον
669 3123 696 3190 S,
707 3120 861 3193 νηχόμενον
867 3122 905 3190 Χ,
920 3119 1084 3192 ἐνεχόμενον
1094 3120 1128 3174 οἱ.
1136 3119 1187 3176 Gu.

176 3191 263 3245 Kroll.
337 3197 353 3244 3
372 3189 531 3261 ἀμαρτίζειν
546 3193 582 3260 Β,
602 3191 763 3261 ἀπαρτίζειν
777 3195 813 3262 Α,
832 3191 1010 3261 ἀπαρτίζεται
1024 3192 1052 3261 S,
1071 3189 1189 3260 ἀπαρτί-

176 3265 274 3328 ζεσθαι
284 3260 383 3332 scripsi
437 3268 453 3316 6
473 3262 521 3318 διδι
534 3263 566 3318 τὸ
576 3270 636 3318 -9
651 3263 831 3334 ἐπικράτειαν
845 3261 956 3318 omis.S
1009 3269 1042 3316 10
1057 3259 1100 3316 ὅτι
1109 3266 1188 3317 πλεο-

177 3332 309 3398 νάζοντος
320 3365 355 3374 -
369 3337 402 3386 18
421 3333 601 3390 ἀδιατύπωτα
615 3339 681 3405 post
695 3332 957 3405 ἐπιμιμνησκόμενοι
971 3337 1007 3403 (p.
1020 3337 1063 3402 86,
1075 3335 1118 3402 11)
1133 3333 1189 3388 ool-

175 3404 252 3458 locat
269 3405 292 3460 S
362 3410 394 3457 11
418 3407 467 3459 καὶ
490 3407 695 3475 διαμορφοῦται
710 3437 744 3446 -
760 3412 793 3460 18
817 3405 948 3474 ἐπιρροῆς
971 3406 1020 3458 καὶ
1038 3404 1141 3458 desunt
1158 3406 1190 3460 X

178 3481 211 3529 13
226 3473 483 3545 καταγανιζομένοο
495 3478 523 3530 Α
582 3483 616 3530 14
630 3475 735 3546 ἀληθὲς
748 3477 770 3532 S
784 3479 788 3547 Ι
805 3475 820 3530 δ
834 3473 915 3546 λόγος
928 3474 1006 3530 omis.
1021 3476 1044 3531 S
1097 3482 1130 3530 16
1144 3475 1157 3529 ἐ
1176 3508 1188 3517 -

175 3544 397 3615 τιτρωσκομένας
410 3547 442 3600 Χ
456 3550 460 3617 Ι
476 3546 642 3616 προσπίπτει
657 3549 685 3602 Β
741 3555 773 3602 17
789 3544 894 3616 ἡμέρας
907 3546 985 3602 omis.
1001 3547 1032 3600 X
1086 3553 1119 3602 19
1133 3568 1188 3617 φα-

177 3615 221 3672 σίν
243 3617 360 3672 omis.S
430 3624 461 3672 21
480 3618 688 3690 προσλαμβάνει
707 3620 735 3673 Β
759 3621 764 3690 Ι
789 3615 934 3689 γελατικόν
948 3619 976 3672 Β
1048 3624 1081 3672 22
1101 3618 1188 3690 ἐπιγι-

177 3690 284 3744 νώσκον
302 3689 330 3741 Α
346 3691 351 3758 l
367 3687 413 3742 ἐπὶ
431 3697 500 3759 γοῦν
518 3699 566 3760 τῆς
585 3691 606 3746 S
676 3696 709 3744 23
729 3691 817 3760 φασὶν
835 3688 914 3744 omis.
934 3690 965 3743 X
