2790 4214
539 282 648 338 LIBER
666 283 802 340 PRIMUS
1156 285 1177 350 5

168 448 230 530 τὴν
248 447 413 532 κρηπῖδα>
427 447 589 533 Εὔριπον,
609 445 644 511 ίκ
661 456 722 512 τοῦ
736 448 920 512 θαλαττίου
934 452 1013 524 ίσως
1026 447 1180 534 Εὐρίπου
1193 455 1277 511 XYP

168 551 223 618 καὶ
246 561 304 637 τῆς
327 550 459 630 ἑπτάκις
482 552 585 618 αὐτοῦ
604 553 873 639 διαυλοδρομίας,
897 552 1009 636 ἐπειδὴ
1029 552 1180 630 κάκεῖνος

169 659 300 736 ἑπτάκις
337 669 394 743 τῆς
429 656 552 745 ἡμέρας
587 657 798 744 ἀντιστρέφει
834 660 894 742 τὴν
929 663 1069 743 κίνησιν.
1124 657 1179 724 καί
1192 669 1243 724 YS

167 765 311 853 πυραμὶς
334 767 373 831 δέ
395 764 485 830 ἐστιν
511 763 659 852 ἐνμέσῳ
687 773 733 853 τῷ
757 767 893 854 σταδίῳ,
921 765 941 849 η
971 761 1008 830 δὲ
1034 763 1179 852 πυραμὶς

163 876 294 956 Ἠλίου,
310 870 380 938 ἐπεὶ
394 873 508 948 άσκιος
521 871 620 954 ἐγγύς
633 871 652 938 ό
666 881 817 949 τοιοῦτος
830 875 953 957 βωμός·
966 873 1101 938 πάντων
1115 873 1179 958 γάρ
1193 880 1273 936 XYS

168 992 236 1046 τῶν
259 978 427 1064 ούραυίων
455 982 646 1065 φωσφόρων
674 979 833 1063 σωμάτων
861 980 959 1044 σκιάν
981 978 1180 1044 άποτελούν-
1207 1002 1219 1042 ο

170 1111 238 1152 τωυ
260 1085 359 1162 αὐτὸς
386 1087 488 1170 μόνος
515 1083 576 1163 ἔξω
603 1085 724 1168 ταύτης
752 1083 829 1150 ἐστι’.
875 1084 912 1150 ἐν
939 1081 977 1150 δέ
1003 1095 1073 1162 τοῖς
1098 1083 1174 1171 παρ’
1192 1095 1245 1149 YP

172 1192 308 1279 ἑκάτερα
330 1189 467 1278 τέρμασι
489 1199 549 1256 τοῦ
567 1189 721 1276 Εὐρίπου
743 1191 865 1256 τούτου
888 1193 1021 1257 άνωθεν
1043 1187 1105 1276 μὲν
1123 1200 1181 1275 τῆς

170 1300 357 1385 πυραμίδος
389 1295 443 1363 ἐπὶ
479 1305 540 1362 τοῦ
571 1296 726 1382 Εὐρίπου
759 1294 865 1381 βωμοὶ
896 1297 1049 1382 ἵδρυνται
1080 1307 1180 1382 τρεῖς·

171 1407 320 1490 Κρόνου,
344 1392 442 1486 Διός,
459 1401 586 1489 Ἄρεος·
609 1403 762 1467 κάτωθεν
784 1399 822 1467 δὲ
839 1403 941 1468 πάλιν
959 1400 1065 1487 βωμοὶ
1082 1412 1180 1488 τρεῖς,
1195 1425 1221 1464 ιο

166 1508 376 1594 Ἀφροδίτης,
393 1509 516 1595 Ἑρμοῦ
534 1506 589 1573 καί
607 1511 771 1592 Σελήνης·
793 1509 946 1594 τρίποδες
969 1508 1042 1593 δύο,
1060 1508 1215 1574 ἩλίουΡ

171 1613 227 1680 καὶ
252 1619 418 1700 Σελήνης,
449 1613 505 1679 καὶ
535 1615 664 1699 άγαλμα
696 1615 855 1698 γυναικός
880 1616 1005 1699 φιάλην
1027 1613 1181 1702 ἐπιφερο-

171 1720 271 1807 μένης
303 1720 341 1786 ίν
371 1731 411 1807 τῇ
442 1726 582 1807 κεφαλῇ·
622 1719 691 1786 ἐστὶ
723 1717 761 1786 δέ
794 1720 815 1804 ἡ
844 1730 901 1805 γῆ,
939 1719 1088 1806 φέρουσα
1119 1721 1182 1804 την

170 1829 354 1894 θάλασσαν.
400 1828 578 1911 σάλπιγγες
600 1824 638 1892 δὲ
661 1825 714 1892 έπί
736 1825 823 1893 τέλει
849 1838 918 1892 τῶν
940 1827 1082 1911 ἀγώνων
1102 1829 1182 1903 τοὺς

171 1936 306 2018 νικητδς
338 1932 392 2000 ἐπὶ
421 1936 462 2000 τά
493 1932 574 2020 γέρα
605 1939 758 2018 καλοῦσι,
790 1935 919 1999 δώδεκα
951 1930 988 1998 δὲ
1016 1933 1182 2018 ὕσπληγες
1195 1961 1221 2002 1⁵

168 2043 250 2106 κατά
268 2044 407 2126 μίμησιν
424 2051 492 2106 τῶν
510 2040 638 2105 δώδεκα
656 2042 795 2128 ζῳδίων·
814 2041 1002 2125 μαππάριος
1020 2036 1058 2105 δὲ
1076 2051 1285 2114 κα-Ροθᾱηῃ,

170 2152 274 2212 λεῖται
296 2146 316 2213 ὁ
340 2145 378 2211 ἐν
399 2153 446 2235 τῷ
468 2145 556 2235 μέσῳ
585 2147 756 2232 λστάμενος
783 2145 921 2212 καὶτοῦ
945 2147 1073 2232 δρόμου
1096 2150 1182 2232 έχων

170 2373 273 2444 incipit
291 2373 329 2441 Χ,
348 2370 391 2427 ότι
410 2372 523 2441 εὔριπος
541 2373 693 2443 ὠνομάσθη
711 2373 730 2443 ἡ
749 2371 833 2442 μέσον
849 2381 900 2428 τοῦ
919 2371 1095 2442 ἱπποδρόμου
1113 2393 1181 2444 κρη-

173 2443 221 2508 πίς
239 2444 342 2514 ἱυοὶρὶῖ
364 2444 410 2514 Y!
425 2444 551 2515 (ταύτην
568 2444 619 2514 τὴν
636 2444 781 2517 κρηπῖδα)
798 2444 895 2498 addidi

241 2535 265 2570 v.
285 2522 299 2569 1
320 2515 385 2578 ἴσως
403 2514 480 2570 omis,
501 2513 530 2568 Y
603 2521 618 2568 2
638 2514 734 2584 ἐπειδὴ
749 2548 783 2556 -
797 2521 813 2569 3
828 2512 950 2587 κίνησιν]
969 2512 1040 2569 ούτω
1059 2514 1112 2585 γὰρ
1133 2511 1178 2568 ἐπ’

171 2585 279 2642 ἐκείνου
293 2588 363 2656 φασὶ
377 2582 541 2656 συμβαίνειν
553 2586 581 2640 Υ
594 2586 598 2658 λ
615 2585 711 2655 ἐπειδὴ
721 2592 781 2640 -5
792 2586 884 2657 βωμὸς
898 2586 1000 2640 desunt
1009 2586 1041 2640 X
1102 2591 1118 2640 3
1132 2586 1181 2640 καί

170 2659 293 2727 πυραμὶς
303 2690 337 2698 -
349 2663 364 2711 7
378 2657 481 2726 ταύτης
500 2655 556 2712 ἐστί
571 2657 672 2711 desunt
686 2659 714 2710 P
782 2664 799 2710 ὅ
818 2657 899 2729 ἐγγύς
912 2657 990 2712 omia.
1009 2657 1038 2711 Y
1106 2663 1122 2711 6
1138 2655 1181 2711 δτι

169 2738 225 2784 τῶν
250 2725 391 2797 οὐρανίων
418 2725 577 2797 φωσφόρων
606 2727 739 2797 σωμάτων
762 2727 844 2783 σκιδιν
867 2728 1076 2785 ἀποτελούντων
1103 2725 1181 2798 ἥλιος

171 2798 256 2868 μόνος
274 2798 324 2865 ἔξω
342 2799 445 2868 ταύτης
463 2796 531 2853 ἐστί·
555 2797 604 2853 διδι
622 2807 703 2854 τοῦτο
722 2799 740 2868 ἡ
758 2801 882 2869 πυραμὶς
899 2798 987 2869 ἡλίου,
1006 2799 1066 2854 ἐπεὶ
1085 2797 1181 2861 άσιιιος

169 2870 250 2941 ἐγγύς
273 2870 288 2925 δ
307 2878 432 2933 τοιοῦτος
473 2867 586 2939 ωμόςδ
656 2870 785 2942 λαύτός]
803 2869 880 2940 ἥλιος
899 2871 930 2924 Χ
948 2875 953 2942 Ι
973 2871 1038 2925 ἐστὶ.
1061 2870 1181 2932 πλεύσας

169 2940 280 2996 ἐκεῖθεν
299 2944 343 3012 (=
358 2947 374 3007 ξ
389 2943 433 3011 13)
556 2946 570 2994 7
586 2940 617 2996 έν
631 2939 662 2996 δέ
676 2950 778 3004 τοῖς-
788 2947 805 2995 8
815 2940 943 3067 άνωθειὶ]
955 2943 1004 2996 καί
1023 2941 1136 2997 άνωθεν
1155 2941 1184 2994 Y

169 3017 185 3066 8
205 3011 318 3068 άυωθεν
337 3009 388 3081 μὲν
405 3019 454 3080 τῆς
471 3009 640 3084 πυραμίδος]
659 3011 690 3067 ἐν
709 3010 758 3081 μὲν
780 3017 818 3085 τῷ
837 3011 896 3068 άνω
1030 3019 1046 3066 9
1066 3011 1112 3065 ἐπὶ
1130 3019 1180 3065 τοῦ

169 3081 296 3152 Εὐρίπου
324 3082 402 3136 omis.
423 3085 451 3136 Ρ
468 3083 475 3152 λ
498 3081 627 3151 ἵδρυνται
645 3083 723 3137 omis.
744 3084 772 3138 Y
866 3089 900 3137 10
918 3082 1007 3152 άρεως
1025 3098 1108 3152 saepe
1127 3081 1184 3205 Y}

168 3153 297 3209 κάτωθεν
321 3152 363 3225 δὲ]
388 3153 418 3208 ἐν
441 3151 473 3208 δὲ
495 3158 533 3207 τῶ
555 3152 630 3208 κάτω
653 3155 681 3209 Ρ
706 3156 710 3224 Ι
740 3153 824 3209 πάλιν
847 3155 934 3225 βωμοὶ
956 3163 1029 3222 τρεῖς
1052 3151 1130 3206 omis.

169 3231 201 3279 11
215 3222 346 3293 τρίποδες
359 3256 392 3265 -
406 3242 433 3294 p.
445 3229 491 3292 6,7
511 3207 629 3278 έπετέλει
652 3224 730 3279 omis.
754 3226 783 3278 Y
870 3231 903 3278 16
921 3222 1099 3292 Μαππάριον
1122 3231 1181 3286 τοῖς

163 3293 309 3365 Ῥωμαίοις
327 3295 404 3361 ἔδοξε
423 3298 518 3349 καλεῖν
537 3294 565 3361 ἐξ
579 3292 672 3358 αἰτίας
685 3296 822 3366 τοιαύτης.
860 3295 928 3358 ἔθος
940 3288 976 3363 ἦν
990 3304 1049 3356 τοῖς
1062 3291 1181 3356 ὑπάτοις

168 3366 214 3420 ἐπί
228 3376 283 3422 τῶν
296 3365 426 3435 θεάτρων
440 3367 615 3436 εὐωχεῖσθαι.
648 3366 716 3436 μετὰ
730 3365 762 3421 δὲ
775 3367 807 3422 τὸ
821 3367 987 3421 παύσασθαι
1001 3373 1049 3435 τῆς
1063 3365 1117 3419 εόω
1135 3362 1181 3428 ίας

168 3438 199 3492 τὸ
219 3437 249 3493 έν
267 3447 361 3508 χεροῖν
380 3437 536 3508 ἐκμαγεῖον,
555 3435 570 3492 ὃ
590 3438 638 3492 καί
657 3436 776 3506 μάππαν
793 3435 915 3507 πατρίως
933 3439 1079 3505 καλοῦσιν,
1099 3385 1134 3502 ἐξ
1146 3432 1180 3490 ού

167 3510 216 3563 καὶ
239 3509 377 3577 μανδύλια
400 3508 541 3576 ἔρριπτον·
573 3505 640 3576 ὅπερ
668 3506 872 3578 ύποδεγόμευος
895 3507 910 3562 ὁ
933 3505 1079 3578 λεγόμενος
1107 3525 1180 3576 μαπ-

167 3579 268 3649 πάριος
286 3579 336 3634 τὸν
354 3578 450 3649 ἀγῶνα
464 3579 676 3647 παρεσκεύασεν.
710 3580 743 3633 ού
758 3576 842 3634 πλέον
855 3577 887 3633 δὲ
898 3610 931 3618 -
940 3596 968 3647 p.
979 3585 1040 3648 6,14
1058 3576 1130 3634 κατά
1148 3579 1180 3632 τό

167 3648 262 3721 λόγιον
280 3649 380 3720 Georg.
395 3649 509 3704 Cedren.
524 3648 589 3704 hist.
605 3667 692 3719 comp.
708 3649 940 3719 p.29‘1‚15Bonn.
