<?xml version="1.0" encoding="UTF-8"?>
<!DOCTYPE html PUBLIC "-//W3C//DTD XHTML 1.0 Transitional//EN"
    "http://www.w3.org/TR/xhtml1/DTD/xhtml1-transitional.dtd">
<html xmlns="http://www.w3.org/1999/xhtml" xml:lang="en" lang="en">
 <head>
  <title>
</title>
<meta http-equiv="Content-Type" content="text/html;charset=utf-8" />
  <meta name='ocr-system' content='tesseract 3.04.00' />
  <meta name='ocr-capabilities' content='ocr_page ocr_carea ocr_par ocr_line ocrx_word'/>
</head>
<body>
  <div class='ocr_page' id='page_1' title='image "./ioannislaurenti02wuengoog_0158.png"; bbox 0 0 2790 4214; ppageno 0'>
   <div class='ocr_carea' id='block_1_1' title="bbox 541 335 1186 402">
    <p class='ocr_par' dir='ltr' id='par_1_1' title="bbox 541 335 1186 402">
     <span class='ocr_line' id='line_1_1' title="bbox 541 335 1186 402; baseline 0.009 -14"><span class='ocrx_word' id='word_1_1' title='bbox 541 335 650 390; x_wconf 81' lang='lat' dir='ltr'>LIBER</span> <span class='ocrx_word' id='word_1_2' title='bbox 667 335 822 391; x_wconf 81' lang='lat' dir='ltr'>TERTIUS</span> <span class='ocrx_word' id='word_1_3' title='bbox 1142 337 1186 402; x_wconf 79' lang='lat'><em>59</em></span> 
     </span>
    </p>
   </div>
   <div class='ocr_carea' id='block_1_2' title="bbox 113 495 1245 3033">
    <p class='ocr_par' dir='ltr' id='par_1_2' title="bbox 167 495 1219 796">
     <span class='ocr_line' id='line_1_2' title="bbox 167 495 1219 584; baseline 0 -20"><span class='ocrx_word' id='word_1_4' title='bbox 167 508 238 574; x_wconf 81' lang='grc' dir='ltr'><em>τοῖς</em></span> <span class='ocrx_word' id='word_1_5' title='bbox 259 508 364 563; x_wconf 90' lang='grc' dir='ltr'><em>πᾶσιν</em></span> <span class='ocrx_word' id='word_1_6' title='bbox 389 495 508 563; x_wconf 84' lang='grc' dir='ltr'><em>ἑαυτοῦ</em></span> <span class='ocrx_word' id='word_1_7' title='bbox 531 497 586 564; x_wconf 84' lang='grc' dir='ltr'><em>καλ</em></span> <span class='ocrx_word' id='word_1_8' title='bbox 609 500 788 583; x_wconf 81' lang='grc' dir='ltr'><em>ταχύτατός</em></span> <span class='ocrx_word' id='word_1_9' title='bbox 811 499 879 564; x_wconf 83' lang='grc' dir='ltr'><em>ἐστι</em></span> <span class='ocrx_word' id='word_1_10' title='bbox 902 501 1008 583; x_wconf 93' lang='grc' dir='ltr'><em>πάσης</em></span> <span class='ocrx_word' id='word_1_11' title='bbox 1026 502 1219 584; x_wconf 68' lang='grc' dir='ltr'><em>κινὴσεωςὸ</em></span> 
     </span>
     <span class='ocr_line' id='line_1_3' title="bbox 170 601 1185 694; baseline 0.002 -25"><span class='ocrx_word' id='word_1_12' title='bbox 170 603 225 669; x_wconf 84' lang='grc' dir='ltr'><em>καλ</em></span> <span class='ocrx_word' id='word_1_13' title='bbox 248 602 299 670; x_wconf 83' lang='grc' dir='ltr'><em>άεὶ</em></span> <span class='ocrx_word' id='word_1_14' title='bbox 326 604 482 680; x_wconf 82' lang='grc' dir='ltr'><em>ὡσαύτως</em></span> <span class='ocrx_word' id='word_1_15' title='bbox 502 606 597 689; x_wconf 83' lang='grc' dir='ltr'><em>ἔχων,</em></span> <span class='ocrx_word' id='word_1_16' title='bbox 620 606 715 670; x_wconf 86' lang='grc' dir='ltr'><em>τότε</em></span> <span class='ocrx_word' id='word_1_17' title='bbox 739 601 889 693; x_wconf 78' lang='grc' dir='ltr'><em>εἶναιτῷ</em></span> <span class='ocrx_word' id='word_1_18' title='bbox 911 604 1012 671; x_wconf 81' lang='grc' dir='ltr'><em>παντὶ</em></span> <span class='ocrx_word' id='word_1_19' title='bbox 1035 607 1185 694; x_wconf 75' lang='grc' dir='ltr'><em>αἰσθητῷ</em></span> 
     </span>
     <span class='ocr_line' id='line_1_4' title="bbox 170 710 1091 796; baseline 0.004 -22"><span class='ocrx_word' id='word_1_20' title='bbox 170 711 288 776; x_wconf 94' lang='grc' dir='ltr'><em>δίδωσι</em></span> <span class='ocrx_word' id='word_1_21' title='bbox 313 711 475 795; x_wconf 75' lang='grc' dir='ltr'><em>οὐδεμίαν</em></span> <span class='ocrx_word' id='word_1_22' title='bbox 497 710 684 794; x_wconf 83' lang='grc' dir='ltr'><em>ε’ναλλαγὴν</em></span> <span class='ocrx_word' id='word_1_23' title='bbox 706 710 760 776; x_wconf 85' lang='grc' dir='ltr'><em>καλ</em></span> <span class='ocrx_word' id='word_1_24' title='bbox 784 716 953 778; x_wconf 79' lang='grc' dir='ltr'><em>ποικιλίαν</em></span> <span class='ocrx_word' id='word_1_25' title='bbox 973 713 1091 796; x_wconf 86' lang='grc' dir='ltr'><em>λαχών.</em></span> 
     </span>
    </p>

    <p class='ocr_par' dir='ltr' id='par_1_3' title="bbox 114 813 1245 1967">
     <span class='ocr_line' id='line_1_5' title="bbox 114 813 1221 903; baseline 0.004 -22"><span class='ocrx_word' id='word_1_26' title='bbox 114 828 247 895; x_wconf 80' lang='lat' dir='ltr'><strong>RrIH‚14</strong></span> <span class='ocrx_word' id='word_1_27' title='bbox 306 818 358 882; x_wconf 84' lang='lat'><em>20.</em></span> <span class='ocrx_word' id='word_1_28' title='bbox 364 815 436 882; x_wconf 84' lang='grc' dir='ltr'><em>Ὅτι</em></span> <span class='ocrx_word' id='word_1_29' title='bbox 451 813 487 882; x_wconf 74' lang='grc' dir='ltr'><em>δὲ</em></span> <span class='ocrx_word' id='word_1_30' title='bbox 501 819 561 883; x_wconf 87' lang='grc' dir='ltr'><em>τὸν</em></span> <span class='ocrx_word' id='word_1_31' title='bbox 575 817 730 883; x_wconf 83' lang='grc' dir='ltr'><em>ἐνιαυτὸν</em></span> <span class='ocrx_word' id='word_1_32' title='bbox 744 820 788 896; x_wconf 82' lang='grc' dir='ltr'><em>ὡς</em></span> <span class='ocrx_word' id='word_1_33' title='bbox 801 820 885 884; x_wconf 80' lang='grc' dir='ltr'><em>θεὸν</em></span> <span class='ocrx_word' id='word_1_34' title='bbox 898 818 1064 903; x_wconf 80' lang='grc' dir='ltr'><em>ἐτίμησαν,</em></span> <span class='ocrx_word' id='word_1_35' title='bbox 1080 820 1184 903; x_wconf 80' lang='grc' dir='ltr'><em>δῆλον</em></span> <span class='ocrx_word' id='word_1_36' title='bbox 1198 831 1221 884; x_wconf 87' lang='grc' dir='ltr'>Χ</span> 
     </span>
     <span class='ocr_line' id='line_1_6' title="bbox 168 922 1224 1011; baseline -0.002 -21"><span class='ocrx_word' id='word_1_37' title='bbox 168 922 201 1003; x_wconf 80' lang='grc' dir='ltr'><em>ἐξ</em></span> <span class='ocrx_word' id='word_1_38' title='bbox 225 923 326 1007; x_wconf 86' lang='grc' dir='ltr'><em>αύτὴς</em></span> <span class='ocrx_word' id='word_1_39' title='bbox 353 932 411 1005; x_wconf 88' lang='grc' dir='ltr'><em>τὴς</em></span> <span class='ocrx_word' id='word_1_40' title='bbox 435 924 559 989; x_wconf 82' lang='grc' dir='ltr'><em>Λυδῶν</em></span> <span class='ocrx_word' id='word_1_41' title='bbox 581 926 753 1008; x_wconf 76' lang='grc' dir='ltr'><em>βασιλίδος</em></span> <span class='ocrx_word' id='word_1_42' title='bbox 779 928 914 1002; x_wconf 88' lang='grc' dir='ltr'><em>πόλεως.</em></span> <span class='ocrx_word' id='word_1_43' title='bbox 960 926 1093 1011; x_wconf 88' lang='grc' dir='ltr'><em>Σάρδιν</em></span> <span class='ocrx_word' id='word_1_44' title='bbox 1120 927 1183 1009; x_wconf 82' lang='grc' dir='ltr'><em>γὰρ</em></span> <span class='ocrx_word' id='word_1_45' title='bbox 1212 948 1224 988; x_wconf 87' lang='lat'><strong>5</strong></span> 
     </span>
     <span class='ocr_line' id='line_1_7' title="bbox 168 1025 1245 1117; baseline 0.002 -22"><span class='ocrx_word' id='word_1_46' title='bbox 168 1030 273 1113; x_wconf 91' lang='grc' dir='ltr'><em>αύτὴν</em></span> <span class='ocrx_word' id='word_1_47' title='bbox 292 1028 346 1095; x_wconf 81' lang='grc' dir='ltr'><em>καὶ</em></span> <span class='ocrx_word' id='word_1_48' title='bbox 368 1029 497 1116; x_wconf 76' lang='grc' dir='ltr'><em>Ξυάριν</em></span> <span class='ocrx_word' id='word_1_49' title='bbox 510 1030 528 1096; x_wconf 87' lang='grc' dir='ltr'>ὁ</span> <span class='ocrx_word' id='word_1_50' title='bbox 543 1028 678 1107; x_wconf 76' lang='grc' dir='ltr'><em>Ξάνθος</em></span> <span class='ocrx_word' id='word_1_51' title='bbox 696 1037 798 1115; x_wconf 77' lang='grc' dir='ltr'><em>καλεῖ,</em></span> <span class='ocrx_word' id='word_1_52' title='bbox 817 1033 854 1096; x_wconf 87' lang='grc' dir='ltr'><em>τὸ</em></span> <span class='ocrx_word' id='word_1_53' title='bbox 874 1028 911 1096; x_wconf 71' lang='grc' dir='ltr'><em>δὲ</em></span> <span class='ocrx_word' id='word_1_54' title='bbox 930 1033 1062 1117; x_wconf 91' lang='grc' dir='ltr'><em>Σάρδιν</em></span> <span class='ocrx_word' id='word_1_55' title='bbox 1080 1034 1186 1117; x_wconf 83' lang='grc' dir='ltr'><em>ὄνομα</em></span> <span class='ocrx_word' id='word_1_56' title='bbox 1243 1025 1245 1032; x_wconf 66' lang='grc'><strong>’</strong></span> 
     </span>
     <span class='ocr_line' id='line_1_8' title="bbox 168 1135 1185 1222; baseline 0.003 -22"><span class='ocrx_word' id='word_1_57' title='bbox 168 1143 201 1201; x_wconf 81' lang='grc' dir='ltr'><em>εί</em></span> <span class='ocrx_word' id='word_1_58' title='bbox 221 1160 271 1212; x_wconf 87' lang='grc' dir='ltr'><em>τις</em></span> <span class='ocrx_word' id='word_1_59' title='bbox 293 1137 375 1201; x_wconf 84' lang='grc' dir='ltr'><em>κατά</em></span> <span class='ocrx_word' id='word_1_60' title='bbox 394 1135 542 1222; x_wconf 78' lang='grc' dir='ltr'><em>ἀριθμὸν</em></span> <span class='ocrx_word' id='word_1_61' title='bbox 565 1136 807 1221; x_wconf 82' lang='grc' dir='ltr'><em>άπολογίσετοιι,</em></span> <span class='ocrx_word' id='word_1_62' title='bbox 829 1136 928 1203; x_wconf 90' lang='grc' dir='ltr'><em>πέντε</em></span> <span class='ocrx_word' id='word_1_63' title='bbox 951 1135 1005 1203; x_wconf 82' lang='grc' dir='ltr'><em>καὶ</em></span> <span class='ocrx_word' id='word_1_64' title='bbox 1029 1136 1185 1222; x_wconf 82' lang='grc' dir='ltr'><em>ἑξήκοντα</em></span> 
     </span>
     <span class='ocr_line' id='line_1_9' title="bbox 167 1242 1185 1330; baseline 0.003 -23"><span class='ocrx_word' id='word_1_65' title='bbox 167 1242 222 1308; x_wconf 77' lang='grc' dir='ltr'><em>καὶ</em></span> <span class='ocrx_word' id='word_1_66' title='bbox 256 1245 446 1330; x_wconf 80' lang='grc' dir='ltr'><em>τριακοσίας</em></span> <span class='ocrx_word' id='word_1_67' title='bbox 483 1243 616 1330; x_wconf 82' lang='grc' dir='ltr'><em>εὑρήσει</em></span> <span class='ocrx_word' id='word_1_68' title='bbox 648 1245 804 1327; x_wconf 76' lang='grc' dir='ltr'><em>συνάγων</em></span> <span class='ocrx_word' id='word_1_69' title='bbox 839 1244 999 1328; x_wconf 88' lang='grc' dir='ltr'><em>μονάδας·</em></span> <span class='ocrx_word' id='word_1_70' title='bbox 1032 1245 1077 1322; x_wconf 81' lang='grc' dir='ltr'><em>ὡς</em></span> <span class='ocrx_word' id='word_1_71' title='bbox 1107 1245 1185 1310; x_wconf 89' lang='grc' dir='ltr'><em>κάν-</em></span> 
     </span>
     <span class='ocr_line' id='line_1_10' title="bbox 168 1344 1185 1437; baseline 0.002 -23"><span class='ocrx_word' id='word_1_72' title='bbox 168 1355 290 1414; x_wconf 81' lang='grc' dir='ltr'><em>τεῦδεν</em></span> <span class='ocrx_word' id='word_1_73' title='bbox 314 1344 399 1414; x_wconf 84' lang='grc' dir='ltr'><em>εἶναι</em></span> <span class='ocrx_word' id='word_1_74' title='bbox 427 1351 549 1433; x_wconf 79' lang='grc' dir='ltr'><em>δῆλον,</em></span> <span class='ocrx_word' id='word_1_75' title='bbox 578 1351 662 1437; x_wconf 89' lang='grc' dir='ltr'><em>πρὸς</em></span> <span class='ocrx_word' id='word_1_76' title='bbox 684 1351 783 1434; x_wconf 89' lang='grc' dir='ltr'><em>τιμὴν</em></span> <span class='ocrx_word' id='word_1_77' title='bbox 805 1349 902 1433; x_wconf 94' lang='grc' dir='ltr'><em>ἡλίου</em></span> <span class='ocrx_word' id='word_1_78' title='bbox 925 1360 985 1416; x_wconf 90' lang='grc' dir='ltr'><em>τοῦ</em></span> <span class='ocrx_word' id='word_1_79' title='bbox 1010 1351 1185 1429; x_wconf 84' lang='grc' dir='ltr'><em>τοσαύταις</em></span> 
     </span>
     <span class='ocr_line' id='line_1_11' title="bbox 167 1455 1225 1543; baseline 0 -23"><span class='ocrx_word' id='word_1_80' title='bbox 167 1455 304 1543; x_wconf 79' lang='grc' dir='ltr'><em>ἡμέραις</em></span> <span class='ocrx_word' id='word_1_81' title='bbox 331 1457 391 1522; x_wconf 90' lang='grc' dir='ltr'><em>τὸν</em></span> <span class='ocrx_word' id='word_1_82' title='bbox 419 1455 575 1521; x_wconf 82' lang='grc' dir='ltr'><em>ἐνιαυτὸν</em></span> <span class='ocrx_word' id='word_1_83' title='bbox 602 1458 807 1540; x_wconf 78' lang='grc' dir='ltr'><em>συνάγοντος</em></span> <span class='ocrx_word' id='word_1_84' title='bbox 834 1458 966 1543; x_wconf 88' lang='grc' dir='ltr'><em>Σάρδιν</em></span> <span class='ocrx_word' id='word_1_85' title='bbox 989 1457 1184 1542; x_wconf 79' lang='grc' dir='ltr'><em>ὠνομασδὴ-</em></span> <span class='ocrx_word' id='word_1_86' title='bbox 1199 1482 1225 1520; x_wconf 84' lang='grc' dir='ltr'><em>ιο</em></span> 
     </span>
     <span class='ocr_line' id='line_1_12' title="bbox 168 1558 1184 1648; baseline 0.002 -22"><span class='ocrx_word' id='word_1_87' title='bbox 168 1586 224 1626; x_wconf 93' lang='grc' dir='ltr'><em>ναι</em></span> <span class='ocrx_word' id='word_1_88' title='bbox 247 1563 309 1646; x_wconf 90' lang='grc' dir='ltr'><em>τὴν</em></span> <span class='ocrx_word' id='word_1_89' title='bbox 334 1564 442 1627; x_wconf 89' lang='grc' dir='ltr'><em>πόλιν.</em></span> <span class='ocrx_word' id='word_1_90' title='bbox 489 1561 567 1627; x_wconf 89' lang='grc' dir='ltr'><em>νέον</em></span> <span class='ocrx_word' id='word_1_91' title='bbox 594 1558 631 1627; x_wconf 75' lang='grc' dir='ltr'><em>δέ</em></span> <span class='ocrx_word' id='word_1_92' title='bbox 659 1564 779 1648; x_wconf 92' lang='grc' dir='ltr'><em>σάρδιν</em></span> <span class='ocrx_word' id='word_1_93' title='bbox 801 1563 839 1628; x_wconf 89' lang='grc' dir='ltr'><em>τὸ</em></span> <span class='ocrx_word' id='word_1_94' title='bbox 863 1562 941 1629; x_wconf 84' lang='grc' dir='ltr'><em>νέον</em></span> <span class='ocrx_word' id='word_1_95' title='bbox 964 1567 1036 1639; x_wconf 81' lang='grc' dir='ltr'><em>ἔτος</em></span> <span class='ocrx_word' id='word_1_96' title='bbox 1058 1566 1107 1628; x_wconf 81' lang='grc' dir='ltr'><em>ἔτι</em></span> <span class='ocrx_word' id='word_1_97' title='bbox 1128 1562 1184 1628; x_wconf 80' lang='grc' dir='ltr'><em>καὶ</em></span> 
     </span>
     <span class='ocr_line' id='line_1_13' title="bbox 168 1666 1187 1756; baseline 0.003 -24"><span class='ocrx_word' id='word_1_98' title='bbox 168 1678 233 1733; x_wconf 85' lang='grc' dir='ltr'><em>νῦν</em></span> <span class='ocrx_word' id='word_1_99' title='bbox 263 1666 420 1750; x_wconf 76' lang='grc' dir='ltr'><em>λέγεσθαι</em></span> <span class='ocrx_word' id='word_1_100' title='bbox 450 1677 496 1756; x_wconf 75' lang='grc' dir='ltr'><em>τῷ</em></span> <span class='ocrx_word' id='word_1_101' title='bbox 525 1671 648 1751; x_wconf 77' lang='grc' dir='ltr'><em>πλήθει</em></span> <span class='ocrx_word' id='word_1_102' title='bbox 679 1675 965 1754; x_wconf 76' lang='grc' dir='ltr'><em>συνομολογεῖται·</em></span> <span class='ocrx_word' id='word_1_103' title='bbox 995 1668 1059 1737; x_wconf 79' lang='grc' dir='ltr'><em>εἰσὶ</em></span> <span class='ocrx_word' id='word_1_104' title='bbox 1087 1666 1124 1735; x_wconf 73' lang='grc' dir='ltr'><em>δὲ</em></span> <span class='ocrx_word' id='word_1_105' title='bbox 1152 1671 1187 1735; x_wconf 83' lang='grc' dir='ltr'><em>οἵ</em></span> 
     </span>
     <span class='ocr_line' id='line_1_14' title="bbox 168 1774 1183 1862; baseline 0.003 -23"><span class='ocrx_word' id='word_1_106' title='bbox 168 1791 261 1859; x_wconf 82' lang='grc' dir='ltr'><em>φασι,</em></span> <span class='ocrx_word' id='word_1_107' title='bbox 285 1783 324 1860; x_wconf 77' lang='grc' dir='ltr'><em>τῇ</em></span> <span class='ocrx_word' id='word_1_108' title='bbox 349 1775 472 1840; x_wconf 84' lang='grc' dir='ltr'><em>Λυδῶν</em></span> <span class='ocrx_word' id='word_1_109' title='bbox 494 1774 616 1862; x_wconf 75' lang='grc' dir='ltr'><em>ἀρχαία</em></span> <span class='ocrx_word' id='word_1_110' title='bbox 638 1785 734 1861; x_wconf 76' lang='grc' dir='ltr'><em>φωνῇ</em></span> <span class='ocrx_word' id='word_1_111' title='bbox 757 1776 817 1840; x_wconf 90' lang='grc' dir='ltr'><em>τὸν</em></span> <span class='ocrx_word' id='word_1_112' title='bbox 836 1774 990 1841; x_wconf 79' lang='grc' dir='ltr'><em>ἐνιαυτὸν</em></span> <span class='ocrx_word' id='word_1_113' title='bbox 1008 1782 1183 1842; x_wconf 72' lang='grc' dir='ltr'><em>καλεῖσθαι</em></span> 
     </span>
     <span class='ocr_line' id='line_1_15' title="bbox 169 1881 297 1967; baseline -0.016 -21"><span class='ocrx_word' id='word_1_114' title='bbox 169 1881 297 1967; x_wconf 93' lang='grc' dir='ltr'><em>σάρδιν.</em></span> 
     </span>
    </p>

    <p class='ocr_par' dir='ltr' id='par_1_4' title="bbox 113 1985 1222 2498">
     <span class='ocr_line' id='line_1_16' title="bbox 113 1985 1218 2074; baseline 0 -20"><span class='ocrx_word' id='word_1_115' title='bbox 113 1999 237 2054; x_wconf 75' lang='lat' dir='ltr'>deesth</span> <span class='ocrx_word' id='word_1_116' title='bbox 260 1988 312 2052; x_wconf 90' lang='lat'><em>21.</em></span> <span class='ocrx_word' id='word_1_117' title='bbox 328 1985 399 2051; x_wconf 84' lang='grc' dir='ltr'><em>Ὅτι</em></span> <span class='ocrx_word' id='word_1_118' title='bbox 413 1987 472 2052; x_wconf 90' lang='grc' dir='ltr'><em>τὸν</em></span> <span class='ocrx_word' id='word_1_119' title='bbox 486 1991 585 2052; x_wconf 89' lang='grc' dir='ltr'><em>Πᾶνα</em></span> <span class='ocrx_word' id='word_1_120' title='bbox 605 1989 651 2065; x_wconf 79' lang='grc' dir='ltr'><em>εἰς</em></span> <span class='ocrx_word' id='word_1_121' title='bbox 665 1991 725 2071; x_wconf 89' lang='grc' dir='ltr'><em>τὴν</em></span> <span class='ocrx_word' id='word_1_122' title='bbox 743 1990 842 2054; x_wconf 86' lang='grc' dir='ltr'><em>τοῦδε</em></span> <span class='ocrx_word' id='word_1_123' title='bbox 860 1999 920 2054; x_wconf 86' lang='grc' dir='ltr'><em>τοῦ</em></span> <span class='ocrx_word' id='word_1_124' title='bbox 939 1991 1062 2067; x_wconf 90' lang='grc' dir='ltr'><em>παντὸς</em></span> <span class='ocrx_word' id='word_1_125' title='bbox 1080 1991 1185 2074; x_wconf 83' lang='grc' dir='ltr'><em>φύσιν</em></span> <span class='ocrx_word' id='word_1_126' title='bbox 1200 2001 1218 2054; x_wconf 82' lang='lat' dir='ltr'>S</span> 
     </span>
     <span class='ocr_line' id='line_1_17' title="bbox 167 2095 1222 2181; baseline 0.001 -22"><span class='ocrx_word' id='word_1_127' title='bbox 167 2095 396 2179; x_wconf 85' lang='grc' dir='ltr'><em>λαμβάνουσιν</em></span> <span class='ocrx_word' id='word_1_128' title='bbox 419 2096 452 2159; x_wconf 83' lang='grc' dir='ltr'><em>οἱ</em></span> <span class='ocrx_word' id='word_1_129' title='bbox 471 2095 589 2178; x_wconf 83' lang='grc' dir='ltr'><em>Λυδοί,</em></span> <span class='ocrx_word' id='word_1_130' title='bbox 613 2098 734 2181; x_wconf 83' lang='grc' dir='ltr'><em>κεραόν</em></span> <span class='ocrx_word' id='word_1_131' title='bbox 752 2118 827 2160; x_wconf 85' lang='grc' dir='ltr'><em>τινα</em></span> <span class='ocrx_word' id='word_1_132' title='bbox 846 2095 909 2160; x_wconf 86' lang='grc' dir='ltr'><em>άπὸ</em></span> <span class='ocrx_word' id='word_1_133' title='bbox 930 2099 1078 2180; x_wconf 81' lang='grc' dir='ltr'><em>σελήνης,</em></span> <span class='ocrx_word' id='word_1_134' title='bbox 1102 2103 1183 2181; x_wconf 70' lang='grc' dir='ltr'><em>φλο·</em></span> <span class='ocrx_word' id='word_1_135' title='bbox 1198 2121 1222 2160; x_wconf 84' lang='grc' dir='ltr'><em>ιο</em></span> 
     </span>
     <span class='ocr_line' id='line_1_18' title="bbox 167 2196 1182 2285; baseline 0.003 -20"><span class='ocrx_word' id='word_1_136' title='bbox 167 2202 258 2284; x_wconf 82' lang='grc' dir='ltr'><em>γώδη</em></span> <span class='ocrx_word' id='word_1_137' title='bbox 289 2196 326 2265; x_wconf 73' lang='grc' dir='ltr'><em>δὲ</em></span> <span class='ocrx_word' id='word_1_138' title='bbox 357 2201 415 2276; x_wconf 85' lang='grc' dir='ltr'><em>τάς</em></span> <span class='ocrx_word' id='word_1_139' title='bbox 444 2202 537 2278; x_wconf 80' lang='grc' dir='ltr'><em>ὄψεις</em></span> <span class='ocrx_word' id='word_1_140' title='bbox 568 2200 632 2266; x_wconf 88' lang='grc' dir='ltr'><em>άπὸ</em></span> <span class='ocrx_word' id='word_1_141' title='bbox 662 2211 723 2266; x_wconf 86' lang='grc' dir='ltr'><em>τοῦ</em></span> <span class='ocrx_word' id='word_1_142' title='bbox 753 2200 903 2285; x_wconf 71' lang='grc' dir='ltr'><em>αλδέρος,</em></span> <span class='ocrx_word' id='word_1_143' title='bbox 934 2203 1052 2269; x_wconf 78' lang='grc' dir='ltr'><em>λάσιον</em></span> <span class='ocrx_word' id='word_1_144' title='bbox 1081 2199 1117 2268; x_wconf 81' lang='grc' dir='ltr'><em>δὲ</em></span> <span class='ocrx_word' id='word_1_145' title='bbox 1145 2204 1182 2268; x_wconf 87' lang='grc' dir='ltr'><em>τὸ</em></span> 
     </span>
     <span class='ocr_line' id='line_1_19' title="bbox 168 2304 1217 2394; baseline 0.002 -22"><span class='ocrx_word' id='word_1_146' title='bbox 168 2319 260 2391; x_wconf 85' lang='grc' dir='ltr'><em>σῶμα</em></span> <span class='ocrx_word' id='word_1_147' title='bbox 283 2306 347 2371; x_wconf 86' lang='grc' dir='ltr'><em>άπὸ</em></span> <span class='ocrx_word' id='word_1_148' title='bbox 371 2315 429 2391; x_wconf 86' lang='grc' dir='ltr'><em>τὴς</em></span> <span class='ocrx_word' id='word_1_149' title='bbox 451 2315 522 2390; x_wconf 77' lang='grc' dir='ltr'><em>γῆς,</em></span> <span class='ocrx_word' id='word_1_150' title='bbox 545 2311 695 2393; x_wconf 87' lang='grc' dir='ltr'><em>χείρονος</em></span> <span class='ocrx_word' id='word_1_151' title='bbox 723 2304 760 2373; x_wconf 71' lang='grc' dir='ltr'><em>δὲ</em></span> <span class='ocrx_word' id='word_1_152' title='bbox 788 2309 919 2392; x_wconf 82' lang='grc' dir='ltr'><em>φύσεως</em></span> <span class='ocrx_word' id='word_1_153' title='bbox 940 2310 981 2374; x_wconf 82' lang='grc' dir='ltr'><em>τά</em></span> <span class='ocrx_word' id='word_1_154' title='bbox 1004 2310 1103 2375; x_wconf 87' lang='grc' dir='ltr'><em>λοιπά</em></span> <span class='ocrx_word' id='word_1_155' title='bbox 1127 2310 1182 2374; x_wconf 88' lang='grc' dir='ltr'><em>διά</em></span> <span class='ocrx_word' id='word_1_156' title='bbox 1214 2387 1217 2394; x_wconf 22' lang='lat'><strong>⁴</strong></span> 
     </span>
     <span class='ocr_line' id='line_1_20' title="bbox 167 2412 996 2498; baseline 0 -20"><span class='ocrx_word' id='word_1_157' title='bbox 167 2415 228 2498; x_wconf 89' lang='grc' dir='ltr'><em>τὴν</em></span> <span class='ocrx_word' id='word_1_158' title='bbox 250 2415 374 2496; x_wconf 78' lang='grc' dir='ltr'><em>άλονον</em></span> <span class='ocrx_word' id='word_1_159' title='bbox 396 2422 454 2497; x_wconf 80' lang='grc' dir='ltr'><em>τῆς</em></span> <span class='ocrx_word' id='word_1_160' title='bbox 476 2412 558 2496; x_wconf 86' lang='grc' dir='ltr'><em>ύλης</em></span> <span class='ocrx_word' id='word_1_161' title='bbox 578 2417 757 2478; x_wconf 92' lang='grc' dir='ltr'><em>ποικιλίαν.</em></span> <span class='ocrx_word' id='word_1_162' title='bbox 980 2419 996 2470; x_wconf 77' lang='grc' dir='ltr'><em>ί</em></span> 
     </span>
    </p>

    <p class='ocr_par' dir='ltr' id='par_1_5' title="bbox 113 2520 1222 3033">
     <span class='ocr_line' id='line_1_21' title="bbox 113 2520 1222 2605; baseline 0.002 -20"><span class='ocrx_word' id='word_1_163' title='bbox 113 2530 236 2585; x_wconf 75' lang='lat' dir='ltr'>deesth</span> <span class='ocrx_word' id='word_1_164' title='bbox 259 2520 311 2584; x_wconf 91' lang='lat'><em>22.</em></span> <span class='ocrx_word' id='word_1_165' title='bbox 336 2520 378 2583; x_wconf 74' lang='lat' dir='ltr'><em>ol</em></span> <span class='ocrx_word' id='word_1_166' title='bbox 396 2528 497 2603; x_wconf 84' lang='grc' dir='ltr'><em>μὴνες</em></span> <span class='ocrx_word' id='word_1_167' title='bbox 515 2520 714 2585; x_wconf 85' lang='grc' dir='ltr'><em>δυοκαίδεκα</em></span> <span class='ocrx_word' id='word_1_168' title='bbox 731 2521 821 2605; x_wconf 78' lang='grc' dir='ltr'><em>παρὰ</em></span> <span class='ocrx_word' id='word_1_169' title='bbox 833 2529 936 2584; x_wconf 86' lang='grc' dir='ltr'><em>πᾶσιν</em></span> <span class='ocrx_word' id='word_1_170' title='bbox 956 2522 1050 2598; x_wconf 77' lang='grc' dir='ltr'><em>ὄντες</em></span> <span class='ocrx_word' id='word_1_171' title='bbox 1068 2522 1182 2598; x_wconf 88' lang='grc' dir='ltr'><em>άλλοις</em></span> <span class='ocrx_word' id='word_1_172' title='bbox 1196 2534 1222 2588; x_wconf 93' lang='grc' dir='ltr'><strong><em>Η</em></strong></span> 
     </span>
     <span class='ocr_line' id='line_1_22' title="bbox 167 2624 1221 2712; baseline 0.001 -20"><span class='ocrx_word' id='word_1_173' title='bbox 167 2629 304 2692; x_wconf 79' lang='grc' dir='ltr'><em>ἔθνεσιν</em></span> <span class='ocrx_word' id='word_1_174' title='bbox 327 2627 434 2702; x_wconf 87' lang='grc' dir='ltr'><em>άλλως</em></span> <span class='ocrx_word' id='word_1_175' title='bbox 456 2627 770 2712; x_wconf 81' lang='grc' dir='ltr'><em>προσαγορεύονται.</em></span> <span class='ocrx_word' id='word_1_176' title='bbox 815 2624 870 2691; x_wconf 83' lang='grc' dir='ltr'><em>καὶ</em></span> <span class='ocrx_word' id='word_1_177' title='bbox 899 2629 962 2712; x_wconf 82' lang='grc' dir='ltr'><em>γάρ</em></span> <span class='ocrx_word' id='word_1_178' title='bbox 988 2625 1182 2711; x_wconf 80' lang='grc' dir='ltr'><em>Ἀθηναίοις</em></span> <span class='ocrx_word' id='word_1_179' title='bbox 1196 2655 1221 2694; x_wconf 80' lang='grc' dir='ltr'><em>τι</em></span> 
     </span>
     <span class='ocr_line' id='line_1_23' title="bbox 166 2729 1182 2820; baseline 0.004 -23"><span class='ocrx_word' id='word_1_180' title='bbox 166 2729 228 2817; x_wconf 68' lang='grc' dir='ltr'><em>μὲν</em></span> <span class='ocrx_word' id='word_1_181' title='bbox 249 2731 366 2808; x_wconf 80' lang='grc' dir='ltr'><em>οὕτως·</em></span> <span class='ocrx_word' id='word_1_182' title='bbox 385 2730 638 2818; x_wconf 81' lang='grc' dir='ltr'><em>Ἐλαφηβολιὼν</em></span> <span class='ocrx_word' id='word_1_183' title='bbox 656 2734 864 2817; x_wconf 82' lang='grc' dir='ltr'><em>Μουνυχιὼν</em></span> <span class='ocrx_word' id='word_1_184' title='bbox 884 2735 1082 2820; x_wconf 76' lang='grc' dir='ltr'><em>Θαργηλιὼν</em></span> <span class='ocrx_word' id='word_1_185' title='bbox 1101 2741 1182 2802; x_wconf 88' lang='grc' dir='ltr'><em>Σκι-</em></span> 
     </span>
     <span class='ocr_line' id='line_1_24' title="bbox 167 2838 1180 2928; baseline 0.003 -24"><span class='ocrx_word' id='word_1_186' title='bbox 167 2839 339 2926; x_wconf 84' lang='grc' dir='ltr'><em>ροφοριὼν</em></span> <span class='ocrx_word' id='word_1_187' title='bbox 350 2838 598 2923; x_wconf 84' lang='grc' dir='ltr'><em>Ἑκατομβαιὼν</em></span> <span class='ocrx_word' id='word_1_188' title='bbox 611 2841 863 2923; x_wconf 82' lang='grc' dir='ltr'><em>Μεταγειτνιὼν</em></span> <span class='ocrx_word' id='word_1_189' title='bbox 875 2843 1097 2928; x_wconf 86' lang='grc' dir='ltr'><em>Βοηδρομιὼν</em></span> <span class='ocrx_word' id='word_1_190' title='bbox 1110 2846 1180 2906; x_wconf 93' lang='grc' dir='ltr'><em>Πυ-</em></span> 
     </span>
     <span class='ocr_line' id='line_1_25' title="bbox 167 2946 1181 3033; baseline 0.004 -23"><span class='ocrx_word' id='word_1_191' title='bbox 167 2946 315 3023; x_wconf 79' lang='grc' dir='ltr'><em>ανεύιὼν</em></span> <span class='ocrx_word' id='word_1_192' title='bbox 328 2946 593 3032; x_wconf 83' lang='grc' dir='ltr'><em>Μαιμακτηριὼν</em></span> <span class='ocrx_word' id='word_1_193' title='bbox 606 2948 800 3012; x_wconf 86' lang='grc' dir='ltr'><em>Ποσειδεὼν</em></span> <span class='ocrx_word' id='word_1_194' title='bbox 814 2948 991 3032; x_wconf 84' lang='grc' dir='ltr'><em>Γαμηλιὼν</em></span> <span class='ocrx_word' id='word_1_195' title='bbox 1004 2947 1181 3033; x_wconf 80' lang='grc' dir='ltr'><em>Ἀνθεστη-</em></span> 
     </span>
    </p>
   </div>
   <div class='ocr_carea' id='block_1_3' title="bbox 238 3119 905 3191">
    <p class='ocr_par' dir='ltr' id='par_1_6' title="bbox 238 3119 905 3191">
     <span class='ocr_line' id='line_1_26' title="bbox 238 3119 905 3191; baseline 0.004 -18"><span class='ocrx_word' id='word_1_196' title='bbox 238 3139 262 3174; x_wconf 85' lang='lat' dir='ltr'><em>v.</em></span> <span class='ocrx_word' id='word_1_197' title='bbox 283 3126 298 3174; x_wconf 88' lang='lat'><strong>6</strong></span> <span class='ocrx_word' id='word_1_198' title='bbox 317 3120 447 3174; x_wconf 79' lang='lat' dir='ltr'><strong>Xanthus</strong></span> <span class='ocrx_word' id='word_1_199' title='bbox 467 3119 499 3175; x_wconf 90' lang='lat' dir='ltr'><em>fr.</em></span> <span class='ocrx_word' id='word_1_200' title='bbox 521 3126 555 3174; x_wconf 88' lang='lat'><em>14</em></span> <span class='ocrx_word' id='word_1_201' title='bbox 574 3120 637 3177; x_wconf 80' lang='lat' dir='ltr'><strong>add.</strong></span> <span class='ocrx_word' id='word_1_202' title='bbox 657 3121 741 3175; x_wconf 82' lang='lat' dir='ltr'><em>FHG</em></span> <span class='ocrx_word' id='word_1_203' title='bbox 754 3121 794 3176; x_wconf 91' lang='lat' dir='ltr'><em>IV</em></span> <span class='ocrx_word' id='word_1_204' title='bbox 811 3141 838 3191; x_wconf 91' lang='lat' dir='ltr'><em>p.</em></span> <span class='ocrx_word' id='word_1_205' title='bbox 854 3127 905 3176; x_wconf 82' lang='grc'><em>629</em></span> 
     </span>
    </p>
   </div>
   <div class='ocr_carea' id='block_1_4' title="bbox 239 3259 1180 3334">
    <p class='ocr_par' dir='ltr' id='par_1_7' title="bbox 239 3259 1180 3334">
     <span class='ocr_line' id='line_1_27' title="bbox 239 3259 1180 3334; baseline 0.003 -19"><span class='ocrx_word' id='word_1_206' title='bbox 239 3280 263 3315; x_wconf 85' lang='lat' dir='ltr'><em>v.</em></span> <span class='ocrx_word' id='word_1_207' title='bbox 279 3267 296 3315; x_wconf 84' lang='lat'>4</span> <span class='ocrx_word' id='word_1_208' title='bbox 315 3259 358 3317; x_wconf 80' lang='grc' dir='ltr'><em>ὅτι</em></span> <span class='ocrx_word' id='word_1_209' title='bbox 378 3261 489 3331; x_wconf 88' lang='grc' dir='ltr'><em>σάρδεις</em></span> <span class='ocrx_word' id='word_1_210' title='bbox 502 3262 520 3332; x_wconf 81' lang='grc' dir='ltr'><em>ἡ</em></span> <span class='ocrx_word' id='word_1_211' title='bbox 534 3265 625 3319; x_wconf 82' lang='grc' dir='ltr'><em>λνδῶν</em></span> <span class='ocrx_word' id='word_1_212' title='bbox 639 3261 718 3326; x_wconf 86' lang='grc' dir='ltr'><em>πόλις</em></span> <span class='ocrx_word' id='word_1_213' title='bbox 737 3265 777 3326; x_wconf 85' lang='grc' dir='ltr'><em>εἰς</em></span> <span class='ocrx_word' id='word_1_214' title='bbox 794 3264 876 3334; x_wconf 84' lang='grc' dir='ltr'><em>τιμὴν</em></span> <span class='ocrx_word' id='word_1_215' title='bbox 894 3273 944 3319; x_wconf 84' lang='grc' dir='ltr'><em>τοῦ</em></span> <span class='ocrx_word' id='word_1_216' title='bbox 963 3261 1042 3332; x_wconf 82' lang='grc' dir='ltr'><em>ἡλίου</em></span> <span class='ocrx_word' id='word_1_217' title='bbox 1057 3259 1180 3334; x_wconf 74' lang='grc' dir='ltr'><em>ἐκτίσθη.</em></span> 
     </span>
    </p>
   </div>
   <div class='ocr_carea' id='block_1_5' title="bbox 165 3348 1181 3780">
    <p class='ocr_par' dir='ltr' id='par_1_8' title="bbox 165 3348 1181 3780">
     <span class='ocr_line' id='line_1_28' title="bbox 167 3348 1181 3422; baseline 0.003 -18"><span class='ocrx_word' id='word_1_218' title='bbox 167 3348 238 3406; x_wconf 78' lang='grc' dir='ltr'><em>ὅθεν</em></span> <span class='ocrx_word' id='word_1_219' title='bbox 264 3352 312 3404; x_wconf 84' lang='grc' dir='ltr'><em>καλ</em></span> <span class='ocrx_word' id='word_1_220' title='bbox 336 3350 351 3405; x_wconf 93' lang='grc' dir='ltr'><em>δ</em></span> <span class='ocrx_word' id='word_1_221' title='bbox 376 3361 432 3407; x_wconf 87' lang='grc' dir='ltr'><em>τῶν</em></span> <span class='ocrx_word' id='word_1_222' title='bbox 462 3350 604 3422; x_wconf 82' lang='grc' dir='ltr'><em>στοιχείων</em></span> <span class='ocrx_word' id='word_1_223' title='bbox 633 3353 755 3422; x_wconf 80' lang='grc' dir='ltr'><em>ἀριθμὸς</em></span> <span class='ocrx_word' id='word_1_224' title='bbox 785 3354 824 3416; x_wconf 82' lang='grc' dir='ltr'><em>εἰς</em></span> <span class='ocrx_word' id='word_1_225' title='bbox 846 3353 896 3415; x_wconf 83' lang='grc' dir='ltr'><em>τὰς</em></span> <span class='ocrx_word' id='word_1_226' title='bbox 920 3353 965 3417; x_wconf 80' lang='grc' dir='ltr'><em>τξε</em></span> <span class='ocrx_word' id='word_1_227' title='bbox 997 3360 1181 3420; x_wconf 82' lang='grc' dir='ltr'><em>συμποιοῦται</em></span> 
     </span>
     <span class='ocr_line' id='line_1_29' title="bbox 166 3418 1180 3494; baseline 0.003 -19"><span class='ocrx_word' id='word_1_228' title='bbox 166 3418 271 3490; x_wconf 78' lang='grc' dir='ltr'><em>ἡμέρας</em></span> <span class='ocrx_word' id='word_1_229' title='bbox 288 3431 338 3476; x_wconf 82' lang='grc' dir='ltr'><em>τοῦ</em></span> <span class='ocrx_word' id='word_1_230' title='bbox 358 3422 496 3478; x_wconf 74' lang='grc' dir='ltr'><em>ἐνιαυτοῦ.</em></span> <span class='ocrx_word' id='word_1_231' title='bbox 533 3425 582 3478; x_wconf 82' lang='grc' dir='ltr'><em>καὶ</em></span> <span class='ocrx_word' id='word_1_232' title='bbox 601 3423 701 3494; x_wconf 87' lang='grc' dir='ltr'><em>σάρδιν</em></span> <span class='ocrx_word' id='word_1_233' title='bbox 719 3423 750 3478; x_wconf 74' lang='grc' dir='ltr'><em>δὲ</em></span> <span class='ocrx_word' id='word_1_234' title='bbox 774 3423 852 3492; x_wconf 84' lang='grc' dir='ltr'><em>παρὰ</em></span> <span class='ocrx_word' id='word_1_235' title='bbox 870 3433 907 3479; x_wconf 79' lang='grc' dir='ltr'><em>τῶ</em></span> <span class='ocrx_word' id='word_1_236' title='bbox 930 3421 1033 3490; x_wconf 79' lang='grc' dir='ltr'><em>πλήθει</em></span> <span class='ocrx_word' id='word_1_237' title='bbox 1052 3423 1093 3493; x_wconf 86' lang='grc' dir='ltr'><em>(τὸ</em></span> <span class='ocrx_word' id='word_1_238' title='bbox 1112 3427 1180 3494; x_wconf 83' lang='grc' dir='ltr'><em>πλῆ-</em></span> 
     </span>
     <span class='ocr_line' id='line_1_30' title="bbox 165 3490 1180 3563; baseline 0.003 -16"><span class='ocrx_word' id='word_1_239' title='bbox 165 3496 221 3554; x_wconf 76' lang='grc' dir='ltr'><em>θος</em></span> <span class='ocrx_word' id='word_1_240' title='bbox 239 3494 284 3562; x_wconf 90' lang='lat' dir='ltr'><em>D)</em></span> <span class='ocrx_word' id='word_1_241' title='bbox 303 3493 335 3549; x_wconf 85' lang='grc' dir='ltr'><em>τὸ</em></span> <span class='ocrx_word' id='word_1_242' title='bbox 359 3490 424 3549; x_wconf 78' lang='grc' dir='ltr'><em>νέον</em></span> <span class='ocrx_word' id='word_1_243' title='bbox 448 3493 508 3557; x_wconf 83' lang='grc' dir='ltr'><em>έτος</em></span> <span class='ocrx_word' id='word_1_244' title='bbox 530 3495 559 3548; x_wconf 86' lang='lat' dir='ltr'><strong><em>Y</em></strong></span> <span class='ocrx_word' id='word_1_245' title='bbox 647 3501 661 3549; x_wconf 79' lang='grc'><strong>7</strong></span> <span class='ocrx_word' id='word_1_246' title='bbox 685 3494 757 3550; x_wconf 84' lang='grc' dir='ltr'><em>κατὰ</em></span> <span class='ocrx_word' id='word_1_247' title='bbox 782 3495 831 3550; x_wconf 86' lang='grc' dir='ltr'><em>τὸν</em></span> <span class='ocrx_word' id='word_1_248' title='bbox 854 3494 979 3563; x_wconf 83' lang='grc' dir='ltr'><em>άριθμδν</em></span> <span class='ocrx_word' id='word_1_249' title='bbox 998 3494 1025 3546; x_wconf 89' lang='grc' dir='ltr'><em>Β</em></span> <span class='ocrx_word' id='word_1_250' title='bbox 1050 3496 1054 3563; x_wconf 86' lang='grc' dir='ltr'>Ι</span> <span class='ocrx_word' id='word_1_251' title='bbox 1079 3495 1180 3550; x_wconf 75' lang='grc' dir='ltr'><em>ὑπολο-</em></span> 
     </span>
     <span class='ocr_line' id='line_1_31' title="bbox 166 3562 1180 3634; baseline 0.006 -17"><span class='ocrx_word' id='word_1_252' title='bbox 166 3562 314 3634; x_wconf 73' lang='grc' dir='ltr'><em>νίσεταιΑ</em></span> <span class='ocrx_word' id='word_1_253' title='bbox 376 3570 391 3618; x_wconf 89' lang='grc'><strong>9</strong></span> <span class='ocrx_word' id='word_1_254' title='bbox 411 3562 505 3634; x_wconf 81' lang='grc' dir='ltr'><em>ἠελίου</em></span> <span class='ocrx_word' id='word_1_255' title='bbox 520 3567 547 3619; x_wconf 89' lang='grc' dir='ltr'><strong><em>Β</em></strong></span> <span class='ocrx_word' id='word_1_256' title='bbox 609 3573 641 3620; x_wconf 90' lang='grc'><em>11</em></span> <span class='ocrx_word' id='word_1_257' title='bbox 661 3565 726 3622; x_wconf 88' lang='grc' dir='ltr'><em>νεόν</em></span> <span class='ocrx_word' id='word_1_258' title='bbox 745 3565 775 3621; x_wconf 76' lang='grc' dir='ltr'><em>δὲ</em></span> <span class='ocrx_word' id='word_1_259' title='bbox 789 3566 825 3634; x_wconf 83' lang='lat' dir='ltr'><em>A,</em></span> <span class='ocrx_word' id='word_1_260' title='bbox 849 3563 914 3620; x_wconf 81' lang='grc' dir='ltr'><em>νέον</em></span> <span class='ocrx_word' id='word_1_261' title='bbox 933 3563 964 3619; x_wconf 77' lang='grc' dir='ltr'><em>δὲ</em></span> <span class='ocrx_word' id='word_1_262' title='bbox 979 3565 1007 3618; x_wconf 89' lang='grc' dir='ltr'><strong><em>Β</em></strong></span> <span class='ocrx_word' id='word_1_263' title='bbox 1062 3572 1095 3619; x_wconf 84' lang='lat'><em>22</em></span> <span class='ocrx_word' id='word_1_264' title='bbox 1115 3588 1180 3622; x_wconf 89' lang='grc' dir='ltr'><em>νου-</em></span> 
     </span>
     <span class='ocr_line' id='line_1_32' title="bbox 166 3636 1180 3709; baseline 0.006 -21"><span class='ocrx_word' id='word_1_265' title='bbox 166 3636 267 3705; x_wconf 86' lang='grc' dir='ltr'><em>νεχιὼν</em></span> <span class='ocrx_word' id='word_1_266' title='bbox 280 3637 320 3704; x_wconf 88' lang='grc' dir='ltr'><em>Η,</em></span> <span class='ocrx_word' id='word_1_267' title='bbox 341 3653 409 3691; x_wconf 80' lang='lat' dir='ltr'>eorr.</span> <span class='ocrx_word' id='word_1_268' title='bbox 423 3636 465 3707; x_wconf 73' lang='lat' dir='ltr'><em>H,</em></span> <span class='ocrx_word' id='word_1_269' title='bbox 484 3638 487 3706; x_wconf 92' lang='grc' dir='ltr'>Ι</span> <span class='ocrx_word' id='word_1_270' title='bbox 505 3639 698 3707; x_wconf 86' lang='grc' dir='ltr'><em>σκηροφοριὼν</em></span> <span class='ocrx_word' id='word_1_271' title='bbox 712 3639 751 3706; x_wconf 87' lang='lat' dir='ltr'><em>H,</em></span> <span class='ocrx_word' id='word_1_272' title='bbox 771 3654 839 3691; x_wconf 80' lang='lat' dir='ltr'>corr.</span> <span class='ocrx_word' id='word_1_273' title='bbox 855 3637 897 3708; x_wconf 84' lang='lat' dir='ltr'><em>H,</em></span> <span class='ocrx_word' id='word_1_274' title='bbox 968 3642 1001 3690; x_wconf 87' lang='lat'><em>23</em></span> <span class='ocrx_word' id='word_1_275' title='bbox 1020 3640 1180 3709; x_wconf 87' lang='grc' dir='ltr'><em>πιανεψιὼν</em></span> 
     </span>
     <span class='ocr_line' id='line_1_33' title="bbox 167 3707 739 3780; baseline 0.005 -20"><span class='ocrx_word' id='word_1_276' title='bbox 167 3707 354 3775; x_wconf 82' lang='grc' dir='ltr'><em>μεμακτεριὼν</em></span> <span class='ocrx_word' id='word_1_277' title='bbox 372 3708 528 3763; x_wconf 86' lang='grc' dir='ltr'><em>ποσιδαιὼν</em></span> <span class='ocrx_word' id='word_1_278' title='bbox 546 3710 585 3777; x_wconf 85' lang='grc' dir='ltr'><em>Η,</em></span> <span class='ocrx_word' id='word_1_279' title='bbox 605 3726 673 3764; x_wconf 79' lang='lat' dir='ltr'>corr.</span> <span class='ocrx_word' id='word_1_280' title='bbox 692 3709 739 3780; x_wconf 68' lang='lat' dir='ltr'><em>H,</em></span> 
     </span>
    </p>
   </div>
   <div class='ocr_carea' id='block_1_6' title="bbox 0 0 1401 4214">
    <p class='ocr_par' dir='ltr' id='par_1_9' title="bbox 0 0 1401 4214">
     <span class='ocr_line' id='line_1_34' title="bbox 0 0 1401 4214; baseline 0 0"><span class='ocrx_word' id='word_1_281' title='bbox 0 0 1401 4214; x_wconf 95' lang='lat' dir='ltr'><em> </em></span> 
     </span>
    </p>
   </div>
  </div>
 </body>
</html>
