2760 4234
642 10 653 115 λ

381 263 490 317 LIBER
509 255 686 328 QUARTUS.
713 263 903 319 AUGUSTUS
1086 265 1148 329 149

139 427 265 511 ἀνάγκη
288 428 465 512 τυγχάνειν
487 428 549 510 τὴν
571 425 608 492 έν
631 428 731 510 βάθει
758 437 837 511 γῆν,
864 424 897 504 έξ
919 421 959 509 ἧς
981 428 1088 504 αἰτίας
1109 430 1182 493 τά6

138 535 247 620 θερμά
269 533 384 600 ὑδατα.
421 534 475 598 διὸ
497 531 553 598 καὶ
575 534 765 619 βλεννάάης
787 533 808 617 ἡ
831 534 937 617 φάσις·
954 543 1021 598 τῶν
1040 536 1150 600 τοιού-

138 663 206 706 των
227 640 370 724 ὑὺάτων,
393 638 464 705 ἐπεὶ
485 638 542 705 καὶ
563 640 740 706 θαλάττια·
763 648 809 728 τῷ
832 636 869 705 δὲ
891 637 973 725 πυρί
991 641 1028 705 τὸ
1047 640 1150 725 ἀλμυ-

139 749 201 831 ρὸν
223 745 277 812 ἐπὶ
299 748 336 812 τὸ
366 747 482 830 σικχὸν
508 747 758 832 μεταβάλλουσα
786 745 1004 830 ἀσφαλτώὺης
1026 769 1061 810 τε
1083 747 1149 830 ἀμα

138 852 192 919 καί
211 856 412 938 στυπτηρίας
429 851 485 918 καὶ
501 856 601 919 θείου
619 855 765 938 ἔμπλεως
779 857 914 934 γίνεται.
945 851 1017 937 ’[οά
1030 856 1149 918 καθαί-
1176 878 1189 919 5

139 984 190 1047 ρει
216 965 344 1045 μάλλον
370 960 644 1046 ὑποξηραίνουσα
667 970 734 1024 τῶν
760 958 872 1044 ἀτμῶν
898 969 955 1043 της
977 959 1150 1043 ἀσφάλτου

138 1077 177 1153 τῇ
199 1071 329 1133 πλείονι
352 1077 419 1132 τῶν
441 1066 574 1131 ὑδάτων
596 1066 754 1152 ὑγρότητι
776 1065 1015 1150 βυθιζομένων.

85 1184 207 1238 Rr1V69
242 1174 313 1239 109.
337 1171 477 1249 Κέστιος
503 1173 522 1238 ὑ
550 1173 707 1249 ὑπατικὸς
734 1180 792 1256 τῆς
810 1172 1022 1258 Ἰερουσαλὴμ
1049 1172 1150 1255 ἡγού-
1163 1182 1189 1236 Χ

138 1303 237 1363 μενος
266 1279 385 1354 νυκτὸς
411 1279 473 1361 τὴν
499 1279 611 1343 εἰκόνα
638 1287 699 1342 τοῦ
721 1276 879 1361 Νέρωνος
907 1277 1085 1362 ἀνέστησεν
1113 1277 1150 1343 έν

138 1394 184 1472 τῷ
207 1397 275 1451 τῶν
292 1385 456 1469 Ἑβραίων
480 1385 572 1471 ἱερῷ,
599 1386 682 1450 ὥστε
709 1394 884 1450 κοινωνεῖν
906 1393 964 1468 τῆς
986 1393 1081 1469 τιμῆς
1103 1393 1149 1471 τῷ
1163 1412 1190 1451 10

138 1499 209 1578 θεῷ
232 1492 291 1556 τὸν
308 1489 465 1576 Νέρωνα·
488 1491 521 1556 οί
544 1487 581 1557 δέ
604 1490 888 1574 ἀγανακτήσαντες
910 1490 1014 1556 αὐτόν
1033 1515 1068 1556 τε
1087 1491 1150 1556 Κέ-

139 1615 234 1663 στιον
263 1595 319 1662 καὶ
349 1597 476 1674 πάντας
497 1596 675 1682 Ῥωμαίους
706 1599 785 1674 τοὺς
817 1595 870 1663 ἐπὶ
902 1607 960 1681 τῆς
988 1596 1150 1680 ἀνατολῆς

138 1703 337 1790 εὑρεθέντας
360 1702 494 1770 ἀνεῖλον
519 1702 574 1769 καλ
603 1714 755 1790 φανερῶς
777 1713 847 1781 τοῖς
873 1712 1054 1789 κρατοῦσιν
1076 1703 1150 1768 ἀνε-

138 1809 284 1897 κηρυξαν
306 1812 366 1875 τὸν
388 1811 542 1895 πόλεμον.

88 1934 120 1983 70
208 1918 280 1982 110.
303 1915 548 2002 Ἐρρουσάλους
566 1915 717 2002 Ῥωμαῖοι
743 1919 822 1993 τοὺς
843 1917 965 2002 ἀλήτας
991 1915 1047 1983 καὶ
1069 1922 1150 1982 πλα-
1164 1942 1190 1982 15

139 2024 309 2109 νωμένους
335 2028 508 2089 καλοῦσιν·
536 2025 569 2089 οἱ
592 2021 629 2090 ὑὲ
653 2025 781 2089 ἰδιῶται
805 2023 1006 2110 έρροὺλλους
1029 2023 1150 2100 αὐτοὺς

140 2130 172 2210 ἐξ
196 2131 333 2213 ἀγνοίας
355 2128 520 2213 λέγουσιν.

542 2317 742 2392 Αὔγουστος.

88 2467 119 2516 71
208 2451 282 2515 111.
297 2421 431 2514 Ἕπετάι
455 2445 492 2514 ἀὲ
514 2423 579 2514 ἀπὸ
601 2445 663 2534 μὲν
685 2460 746 2515 τοῦ
768 2446 848 2536 ἦρος
866 2450 885 2516 ὁ
904 2449 1006 2533 ἕκτος,
1030 2449 1093 2516 ἀπὸ
1113 2446 1150 2514 ἀὲ

139 2566 197 2641 τῆς
228 2555 406 2640 λεγομένης
433 2554 646 2641 Αὐξιφωτίας
673 2554 788 2643 ἑορτῆς
815 2557 833 2622 ὁ
862 2558 990 2640 ὄγδοος.
1034 2557 1084 2622 ὑτι
1113 2553 1150 2621 ὑὲ
1164 2582 1190 2620 εο

140 2663 234 2740 ἕκτος
255 2663 320 2728 ἀπὸ
343 2671 404 2728 τοῦ
423 2665 590 2749 Μαρτίου,
614 2660 646 2740 ἐξ
670 2663 771 2747 αὐτῆς
794 2663 862 2729 έστι
885 2666 1000 2748 λαβεῖν
1018 2672 1075 2745 τῆς
1093 2662 1151 2747 ἀρ-

210 2874 235 2910 v.
251 2855 317 2909 10
308 2865 372 2924 ιερῶ
394 2865 450 2910 τῶν
473 2852 592 2927 ἑβραίων
611 2856 639 2909 Β
711 2861 743 2910 17
763 2853 889 2926 λέγουσιν
909 2856 949 2925 A,
973 2858 1104 2910 καλοῦσιν
1122 2857 1150 2909 Β

141 2931 174 2981 19
193 2925 336 2981 ἕπεται-
302 2945 377 2997 -p
390 2931 450 2995 150,
459 2932 477 2979 4
494 2924 714 3062 προοηγορίανέ
698 2927 748 2994 ΧΙ
765 2926 780 2981 ὁ
799 2926 1005 2997 αὑγουστοςὴ
970 2947 988 2996 μ
1007 2927 1065 2992 νξ
989 2925 1050 2996 ὴὲ
1051 2923 1151 2992 ξτίλιος

139 2996 226 3052 παλαι
235 3006 294 3060 τοις
303 2969 450 3068 ὑωμαίοις
445 3000 609 3066 κατωνομα
608 3016 661 3066 ετο,
677 2995 714 3052 ὑέ
716 3015 776 3052 στιν
785 2996 863 3060 ἕκτος
872 2997 928 3052 ἀπὸ
938 2995 1055 3067 μαρτίο
1084 2994 1152 3064 ηνάς

138 3069 171 3122 Η
188 3068 207 3124 f.
223 3075 298 3137 166',
317 3067 353 3122 αὑ
354 3085 470 3139 γουστος
487 3066 589 3137 ὁμοίως
606 3041 663 3123 ἀπὺ
681 3068 836 3138 αάγοάστου
851 3066 994 3137 καίσαρος·
1014 3017 1150 3158 πράἀερον

139 3138 319 3205 ἀλσεξτίλιος
337 3091 448 3208 ὠνομάζ
447 3157 504 3207 ετο,
524 3140 560 3201 ὡς
578 3137 656 3202 ἕκτος
673 3139 730 3194 ἀπὸ
749 3136 878 3209 μαρτίον
897 3136 1099 3208 μετωνομάσθη
1118 3137 1150 3192 δὲ

139 3211 179 3274 εἰς
196 3210 279 3280 τιμὴν
297 3211 462 3300 αὑγοάστου,
480 3210 517 3271 ὡς
530 3210 760 3273 καταπαύσαντος
773 3211 839 3273 τοὺς
852 3207 1002 3280 ἐμφυλίους
1015 3206 1150 3278 πολέμους

139 3283 188 3337 καλ
206 3281 358 3351 ὁμονοῆσαι
376 3280 485 3343 πάντας
501 3278 659 3344 πείσαντος·
685 3282 734 3336 καλ
752 3280 847 3350 ἐπειδὴ
866 3285 903 3351 (p.
920 3286 971 3334 150
972 3282 1021 3350 ,8)
1040 3282 1091 3334 etc
1115 3281 1149 3349 Y,

140 3352 175 3408 cf.
194 3351 301 3444 Georg.
313 3352 427 3408 Cedren
451 3351 516 3406 hist.
536 3369 624 3477 οοωμ.
647 3371 674 3422 p.
690 3357 754 3421 294,
769 3352 892 3407 9Bonn:
917 3351 931 3406 ὁ
955 3349 986 3405 61
1010 3323 1150 3415 Σεξτίλιος

139 3424 197 3479 ἀπὸ
211 3424 250 3478 A&
252 3423 369 3494 γοάοτοα
387 3421 403 3477 ὑ
421 3423 478 3478 ἐστι
496 3424 634 3513 σεβαοτς.
663 3395 767 3477 simlia
781 3423 809 3477 R
825 3421 895 3477 f.8.
922 3421 958 3475 de
972 3424 1057 3491 ostp
1059 3427 1149 3490 ,608

138 3445 338 3550 Wachsmuth:
358 3492 497 3559 Σεξτίλιος
514 3494 546 3548 τὸ
565 3492 652 3548 πάλαι
671 3495 719 3548 καλ
738 3489 819 3555 οὑτος
837 3492 852 3547 ὑ
867 3492 930 3563 μὴν,
948 3492 1104 3564 Αὔγουστος
1117 3491 1150 3548 ὑὲ

139 3565 255 3691 λέπρὸς
276 3564 384 3636 μνήμης
406 3566 564 3636 Αὑγοὺστου
587 3562 729 3634 Καίσαρος
751 3563 919 3634 μετεκλήθη,
942 3565 979 3628 ὡς
1000 3564 1018 3635 ἡ
1042 3561 1149 3633 ἱστορία

139 3639 211 3708 λγει
328 3652 333 3662 ’
