2760 4234
234 296 296 361 128
515 295 623 350 LIBER
641 295 817 360 QUARTUS.
846 295 959 351 MAIUS

192 459 462 543 Χόνομασδήναι
484 460 543 524 τὸν
566 461 681 524 Μοίῖον
703 460 786 544 πρὸς
813 457 928 546 ἕτερον
954 458 1132 543 βλέποντες
1155 459 1244 525 ούτω

233 568 346 650 φασίν,
361 565 444 633 ἀλλά
458 566 525 651 μήν
537 565 592 631 καὶ
606 568 663 632 διδι
676 567 714 630 τὸ
730 567 822 653 ἱερὸν
835 567 947 649 αὐτῆς,
966 567 1016 632 ὅτι
1029 568 1111 631 κατὰ
1124 575 1247 632 τοῦτον

233 673 292 736 τὸν
309 682 397 756 μήνα
417 675 599 758 λεριοθήναι
622 673 758 756 λέγεται.
799 671 875 760 περὶ
899 669 936 738 δὲ
954 671 1098 757 <αύτής>
1115 673 1134 739 ὁ
1154 676 1246 759 Πρύ-

233 783 312 854 κλος
334 777 439 862 φησὶν
461 779 579 856 οὕτως·
602 779 634 863 (ή
653 781 750 845 Maio?
772 778 864 844 ἐστιν
886 777 906 863 ή
930 779 970 844 τδ
994 778 1031 843 ἐν
1053 778 1174 863 ἀφανεῖ
1194 803 1246 844 κε-

208 883 405 969 εαρυμμίνα
424 887 471 962 είς
488 887 525 951 τὸ
547 881 689 970 ἐμφανὲς
711 887 905 971 προάγουσα
922 883 1157 971 παραπλησίως
1174 896 1247 963 ταῖς

234 994 312 1077 τῇδε
334 996 457 1076 μαίαις,
476 993 597 1079 Ἑρμῆς
619 989 656 1058 δὲ
680 993 806 1076 ἐκείνης
827 1003 904 1069 παῖς
927 991 945 1058 δ
963 994 1063 1075 λόγος
1080 993 1170 1076 ήιαον
1188 996 1246 1060 διὰ

233 1099 380 1182 πάντων,
403 1098 440 1175 ὃς
462 1100 524 1182 τήν
546 1099 652 1187 ἐντῷ
675 1099 796 1184 ἀφανεῖ
817 1110 885 1165 τῶν
908 1101 1014 1165 ὄντων
1032 1101 1191 1185 περιοχὴν
1209 1099 1247 1166 ἐν

234 1205 403 1271 διαστάσει
425 1204 481 1271 καὶ
498 1209 641 1292 προνοίᾳ
659 1209 770 1289 λόγων
787 1205 903 1282 ἀῖδίοις
921 1205 1058 1292 πρώτως
1077 1205 1246 1290 ἐξέφηνεν,

235 1312 350 1396 εἱρμὸν
371 1310 426 1377 καὶ
451 1311 625 1396 συνέχειαν
646 1310 702 1377 ααλ
725 1311 948 1396 ἀλληλουχίαν
969 1315 1109 1396 ποιήσας
1131 1314 1176 1390 ὡς
1195 1312 1246 1378 ἐκ·

194 1445 221 1484 ιο
235 1419 394 1502 φαντιαὸς
416 1429 484 1484 τῶν
507 1417 583 1504 παρ’
606 1418 688 1504 ήμῖν
714 1427 772 1502 τής
798 1427 906 1502 ψυχῆς
933 1417 1066 1502 ἀδήλων
1092 1421 1246 1519 παθημά-
1349 1445 1350 1496 i

234 1524 326 1589 των.’
371 1524 389 1590 δ
419 1521 456 1590 δὲ
481 1523 653 1602 Ἀκυλῖνος
683 1525 720 1590 ἐν
746 1533 793 1613 τῷ
816 1525 1026 1609 ὑπομνήματι
1054 1537 1121 1591 τῶν
1148 1525 1246 1611 ἀριδ·
1349 1559 1350 1626 j

234 1642 306 1714 μῶν
336 1630 422 1698 οὕτω
451 1636 567 1716 φησίν·
598 1630 638 1714 κή
662 1636 757 1697 Μαῖα
789 1629 863 1696 ἀντὶ
895 1640 953 1715 τῆς
984 1633 1030 1708 είς
1057 1629 1246 1716 τούμφανὲς
1349 1631 1350 1676 3

233 1739 384 1822 προόδου
406 1736 485 1821 ἐστὶ,
512 1741 632 1823 κυρίου
654 1734 716 1822 μδν
737 1746 798 1804 τοῦ
822 1739 924 1820 λόγου
946 1747 1007 1802 τοῦ
1032 1739 1088 1802 διὰ
1110 1739 1246 1804 πάντων

233 1845 420 1928 πεφυκότος
441 1845 653 1910 διατακτικοῢ
676 1855 743 1909 τῶν
765 1846 883 1927 όντων,
906 1845 959 1908 διδ
983 1845 1024 1928 δή
1046 1841 1102 1908 καὶ
1121 1843 1245 1930 Ἑρμοῦ

197 1975 223 2016 1⁵
238 1949 361 2034 μητέρα
388 1955 478 2034 φασί.
528 1951 663 2033 τοιαύτη
691 1946 729 2014 δὲ
754 1949 775 2033 ή
803 1951 904 2034 νοητή
935 1949 1014 2034 ύλη,
1045 1950 1083 2016 τὸ
1110 1973 1247 2017 κατανο-

236 2066 332 2140 σμεῖν
350 2057 411 2139 τήν
428 2058 476 2133 είς
493 2058 530 2121 τὸ
550 2053 693 2142 ἐμφανὲς
709 2058 858 2144 πρόοδον
880 2055 935 2122 καὶ
954 2055 1086 2139 γένεσιν
1103 2057 1246 2144 ἀπεργά-

236 2166 350 2241 ζεσδαι
373 2173 440 2228 τῶν
463 2165 583 2228 όντων·
610 2161 647 2228 ἐιι
673 2164 737 2248 γὰρ
765 2162 847 2245 ύλης
868 2161 924 2228 καὶ
947 2164 1058 2239 είδους
1080 2165 1120 2228 τά
1143 2165 1245 2229 δντα.’

236 2269 341 2346 οὕτως
363 2266 425 2355 μὲν
447 2271 528 2336 κατὰ
550 2272 741 2352 θεολογίαν,
764 2269 846 2334 κατὰ
869 2265 907 2334 δὲ
929 2270 988 2334 τὸν
1010 2278 1069 2352 τῆς
1087 2275 1246 2353 φυσιολο-

236 2381 310 2459 γίας
332 2379 457 2463 τρόπον
479 2377 541 2460 τήν
558 2379 676 2441 Μαῖαν
699 2376 731 2441 ολ
753 2374 871 2442 πολλοὶ
894 2375 932 2440 τὸ
950 2375 1042 2461 ύδιορ
1062 2371 1148 2440 εἶναι
1167 2377 1245 2460 βού-

195 2510 223 2550 εο
238 2487 364 2547 λονται·
391 2480 531 2568 καὶγὰρ
555 2483 644 2568 παρὰ
666 2493 735 2558 τοῖς
758 2483 885 2568 Σύροις
909 2485 1167 2574 βαρβαρίζουσα
1189 2481 1246 2547 ού-

237 2611 300 2664 τοις
332 2591 380 2653 ἔτι
412 2587 466 2653 καλ
498 2598 563 2654 νύν
593 2589 631 2656 τὸ
663 2587 755 2674 ὕδωρ
787 2590 1082 2674 προσαγορεύεται,
1114 2589 1158 2664 ὡς
1189 2586 1245 2653 nal

237 2697 372 2779 μηίουρι
395 2697 435 2760 τὰ
457 2695 633 2781 ύδροφόρα
659 2700 843 2760 καλεῖσθαι.
887 2693 942 2759 καλ
970 2693 1031 2760 ούκ
1059 2694 1119 2773 ἔξω
1142 2697 1245 2778 λόγου

237 2799 255 2865 δ
286 2801 429 2886 Βάρρων
458 2805 611 2885 φαίνεται
641 2803 685 2879 ὡς
713 2799 768 2866 καλ
798 2809 884 2886 μήνα
914 2799 1120 2887 ἀναθέμενος
1149 2801 1245 2888 αὐτῇ·

223 3035 225 3038 “
308 3046 333 3084 v.
352 3035 369 3082 4
393 3029 427 3083 of.
451 3029 543 3084 Procli
570 3031 717 3084 comment.
741 3028 772 3082 in
794 3029 866 3084 Plat.
886 3027 945 3083 Alc.
969 3029 982 3084 1
1007 3047 1035 3100 p.
1056 3036 1106 3084 18⁷
1130 3029 1246 3084 Oneuzer

236 3099 467 3241 {1001lean
496 3101 531 3156 de
559 3100 605 3156 die
631 3102 691 3154 nat.
717 3117 739 3154 ο.
761 3105 804 3154 22.
849 3099 942 3155 Ovidii
966 3101 1042 3155 wast.
1070 3101 1112 3156 ed.
1139 3100 1245 3156 Merkel

308 3383 509 3456 ν.3<αύτῆς>
529 3383 656 3439 add.Rr
726 3382 1070 3456 4ή’Μαῖα]ήυιοὶε.Β
1125 3383 1246 3454 ,δῆμον

237 3456 265 3510 A
320 3454 437 3510 λέντῶ
451 3453 557 3525 ἀφανεῖ
570 3456 606 3522 Α,
625 3453 723 3525 ἀφανῆ
738 3455 766 3510 Β
822 3461 852 3508 11
868 3455 1013 3518 όιιινλλῖνος
1027 3456 1055 3509 Β
1110 3461 1143 3510 12
1161 3457 1247 3525 αὐτῆς

238 3527 276 3594 Χ,
294 3534 343 3596 τῆς
362 3525 395 3581 ei.
415 3509 440 3580 G
462 3525 569 3593 ,Kroll‚
587 3524 670 3580 ἀντία
688 3524 754 3596 ὕλης
771 3526 804 3581 Δ,
821 3525 965 3581 Dietexioh
1037 3531 1070 3580 18
1088 3524 1196 3595 πρόδου
1209 3527 1245 3595 A,

236 3599 381 3664 προδοῦσα
399 3598 426 3652 A
445 3598 481 3666 B,
499 3596 624 3667 προόδου
642 3597 675 3651 οἱ.
695 3596 747 3654 Gu.
765 3596 845 3651 Kroll
917 3603 951 3653 14
969 3599 1131 3652 διατατικοιῖ
1150 3595 1184 3652 ci.
1204 3597 1247 3652 Rr

239 3673 271 3721 16
286 3637 437 3736 πρόδονό
489 3675 522 3723 21
541 3670 774 3739 προσαγορεύεται
789 3667 867 3723 omis.
878 3669 906 3723 B
921 3671 926 3737 Ι
942 3669 979 3730 ὡς
992 3669 1052 3740 καλ]
1067 3669 1115 3723 παλ
1129 3667 1207 3723 omis.
1218 3669 1246 3722 B
