2788 4222
253 297 330 357 XXII
654 295 861 354 PRAEFATIO

254 469 314 528 tria
326 468 359 526 in
373 467 472 528 codice
495 467 568 526 folia
589 467 745 526 restabant
766 465 930 541 scripturae
953 463 1093 524 ductibus
1116 466 1267 542 vacantia,

255 557 408 633 explerent
430 556 484 614 illa
506 555 662 615 Laurentii
685 554 892 630 compendiosa
914 553 1062 628 doctrinm
1090 553 1134 613 ita
1157 554 1204 629 fit,
1231 557 1269 614 ut

254 647 286 705 in
309 645 425 704 ultimis
447 645 509 704 fere
531 661 647 721 semper
674 643 808 704 codicum
835 643 915 703 foliis
942 641 1017 701 talia
1040 641 1168 718 Lydiani
1196 643 1266 702 libri

255 733 383 812 vestigia
400 732 596 809 reperiantur.
632 750 729 808 neque
747 735 848 790 tamen
872 731 910 790 ad
932 731 1148 790 restituendum
1165 732 1266 808 ipsum

257 821 367 881 librum
397 821 576 898 cuiusquam
605 821 748 884 momenti
776 821 858 879 snut:
890 822 926 878 ut
952 820 1031 878 enim
1058 837 1104 879 res
1131 821 1204 894 fert,
1230 821 1266 879 li-

254 911 347 970 brarii
371 910 477 970 animis
498 911 594 988 magis
621 910 744 970 intentis
769 911 806 968 ut
835 908 942 968 codicia
972 909 1046 968 folia
1076 909 1267 984 complerent,

256 1017 347 1076 quam
369 1002 404 1058 ut
426 994 562 1074 Lydiana
583 999 674 1058 verba
696 998 735 1057 ad
763 997 916 1073 archetypi
943 996 1032 1056 fidem
1059 998 1268 1073 exprimerent,

256 1087 426 1164 saepissime
454 1105 509 1146 suo
535 1087 632 1146 Marte
662 1088 857 1146 mutaverunt
887 1103 964 1162 quae
994 1085 1202 1160 tradebantur,
1230 1088 1268 1144 ut

256 1177 368 1252 spatio,
400 1175 480 1252 quod
512 1176 689 1252 explendum
721 1175 777 1234 sibi
808 1177 1039 1251 proposuerant,
1070 1174 1166 1252 magis
1198 1193 1266 1234 oon·

254 1266 396 1326 venirent.
434 1283 536 1341 quare,
559 1263 638 1341 quod
656 1263 749 1323 nihilo
773 1263 866 1323 setius
887 1264 944 1323 hoo
966 1263 1031 1324 looo
1055 1262 1091 1322 ds
1113 1263 1266 1323 nonnullis

253 1354 359 1414 horum
382 1353 517 1414 codicum
539 1353 673 1413 diotums
696 1371 771 1428 sum,
793 1352 825 1410 id
847 1369 907 1411 non
928 1354 992 1410 tam
1015 1352 1144 1412 auctoris
1167 1353 1267 1430 gratia

256 1461 322 1502 sum
344 1443 478 1502 facturus
501 1461 592 1520 quam
614 1441 756 1516 codicum,
778 1443 814 1498 ut
833 1441 955 1500 tandem
973 1441 1110 1500 desinant
1128 1444 1267 1516 excerpta

256 1531 310 1590 illa
340 1549 488 1608 anonyma
516 1549 579 1590 csse
606 1534 661 1590 aut
687 1529 905 1606 pseudonyma,
936 1548 1010 1590 neve
1041 1529 1103 1588 iam
1131 1530 1199 1606 quis
1230 1545 1266 1588 ea

257 1621 470 1697 perscrutando
503 1620 601 1679 oleum
633 1622 663 1678 ot
699 1635 820 1695 operam
850 1618 964 1694 perdat.
1018 1618 1134 1694 inspexi
1166 1621 1266 1677 autem

255 1710 319 1786 ipsc
341 1709 450 1767 talium
473 1709 607 1768 codicum
628 1708 682 1767 hos
706 1725 768 1767 sex:

323 1799 350 1855 1.
373 1796 564 1856 Parisinus
597 1813 747 1874 graecus
781 1795 865 1854 1346
898 1793 1140 1855 membranaceus
1173 1814 1194 1855 s.
1208 1791 1266 1854 'XI

254 1885 306 1944 fol.
334 1887 414 1960 276,
456 1884 646 1944 miscellanea
678 1883 912 1960 Byzantinomm
951 1884 1062 1960 scripta
1100 1885 1267 1958 eontinens3

256 1973 341 2032 cuius
372 1971 479 2032 codicis
511 1973 618 2032 ultima
648 1973 769 2050 quidem
798 1972 871 2032 folia
900 1964 988 2054 (275.
1018 1965 1096 2054 276)
1127 1973 1266 2032 disserta·

256 2062 388 2122 tionibus
412 2063 559 2138 completa
582 2064 653 2120 sunt
675 2079 710 2120 ex
732 2060 903 2120 Herodiano
926 2064 957 2120 et
979 2059 1122 2138 Gregorio
1137 2061 1265 2120 Nazian-

258 2148 329 2210 zeno
351 2149 464 2226 petitis,
487 2151 624 2228 Lydiana
645 2167 715 2210 vero
737 2149 769 2208 in
791 2149 830 2208 iis
848 2167 925 2226 quae
943 2151 1125 2225 praecedunt
1143 2146 1176 2227 (f.
1192 2152 1266 2209 273.

257 2236 334 2318 274)
357 2240 499 2318 leguntur
520 2240 689 2318 fragmenta
711 2254 755 2312 ea,
778 2254 855 2314 quae
878 2259 894 2297 e
917 2238 1015 2298 codice
1033 2239 1060 2297 R
1078 2258 1106 2314 p.
1123 2240 1264 2313 39,19-
1356 2261 1358 2268 ’

258 2330 361 2400 44,21
387 2327 465 2388 Treu
492 2329 641 2388 novimus:
675 2345 801 2404 quorum
823 2327 910 2387 initio
935 2327 1090 2387 exhibetur
1116 2330 1267 2387 tractatus

255 2414 321 2498 περὶ
348 2414 480 2497 βισέξτοο
508 2418 547 2476 ad
573 2417 697 2478 verbum
724 2417 786 2476 fere
813 2433 881 2476 cum
910 2415 1009 2476 codice
1031 2417 1059 2475 R
1091 2433 1267 2494 congruens,

255 2506 313 2565 nisi
336 2505 417 2582 quod
438 2506 471 2566 in
492 2505 551 2565 fine
573 2509 642 2582 post
663 2512 716 2566 τοῦ
738 2501 823 2583 ἡλίου
848 2501 890 2581 (p.
911 2505 963 2578 40,
973 2506 1013 2564 31
1039 2501 1129 2583 Trou)
1153 2505 1266 2564 addun-

254 2596 319 2653 tur:
342 2593 374 2653 οἱ
398 2590 430 2653 δὲ
452 2592 567 2674 ἀρχαῖοι
589 2593 686 2654 αἰτίαν
708 2590 792 2672 ἔσχον
820 2602 872 2672 τῆς
898 2587 1000 2671 ἑορτῆς
1026 2601 1079 2670 τῆς
1106 2593 1267 2672 νεομηνίας

257 2678 290 2740 ἔτι
312 2690 448 2758 φυσικῶν
471 2681 708 2762 ττοιροιτηρήσεων.
753 2679 828 2758 φασί
853 2679 908 2761 γὰρ
931 2679 1000 2752 τοὺς
1023 2681 1179 2762 μύρμηκος
1201 2697 1266 2761 opo·

257 2769 354 2842 λοίζειν
371 2779 407 2853 τῇ
425 2770 568 2853 νουμηνίᾳ
586 2768 635 2830 καί
653 2768 705 2842 τὰς
723 2769 796 2849 ἴβεις
815 2767 854 2846 μὴ
874 2765 947 2848 ὁρᾶν
962 2762 1020 2850 (=·-
1035 2767 1108 2846 Lyd.
1124 2771 1160 2830 de
1173 2787 1272 2829 mens·v

255 2880 283 2935 p.
296 2850 484 2940 51,10sqq.)
503 2877 596 2935 usque
615 2858 653 2917 ad
671 2866 723 2918 τοῦ
742 2856 840 2935 φωτὸς
857 2857 949 2936 αὐτῆς
969 2851 1011 2939 (p.
1026 2859 1076 2935 52,
1088 2851 1130 2940 6).
1162 2875 1266 2918 ¹seecun-

255 2951 307 3007 tur
329 2947 434 3006 deinde
458 2965 501 3022 ea,
530 2947 639 3023 quibus
659 2946 831 3006 inscribitur
853 2945 889 3006 de
916 2947 1106 3025 generatione
1129 2947 1266 3023 hominis,

256 3055 322 3096 oum
345 3033 380 3094 τὰ
398 3032 464 3115 περί
482 3035 643 3114 ποσότητος
657 3043 716 3096 τῶν
730 3032 906 3114 τικτομένων
925 3035 1114 3110 omittantun
1137 3039 1202 3096 tum
1219 3037 1264 3094 in·

255 3125 329 3202 cipit
346 3126 494 3184 tractatus
509 3122 552 3184 dn
567 3121 582 3184 ὃ
597 3124 692 3204 torpor
712 3121 727 3184 ὃ
745 3123 885 3202 ποταμός,
903 3124 951 3184 cui
965 3125 1180 3184 subnectuntur
1192 3143 1265 3184 non-

255 3215 340 3274 nulla
359 3213 394 3272 de
414 3211 577 3273 Octaviano
595 3213 742 3291 Augusto,
766 3213 819 3289 qui
838 3212 1039 3290 Septembrem
1060 3231 1192 3274 mensem
1209 3212 1265 3272 ini·
1391 3205 1392 3286 j

254 3302 330 3361 tium
344 3301 514 3362 indictionis
528 3302 632 3362 fecerit
646 3305 677 3362 et
691 3301 895 3361 Sextilianum
909 3321 1016 3362 nomen
1023 3302 1173 3378 indiderit,
1188 3302 1265 3362 eius·
1391 3295 1392 3348 ί

255 3389 322 3450 dem
340 3393 402 3450 fere
425 3391 545 3467 tenoris,
569 3391 652 3451 ouius
676 3407 711 3450 ea
733 3409 811 3467 quae
832 3394 994 3450 narrantur
1012 3392 1039 3449 R
1057 3412 1085 3468 p.
1106 3393 1134 3468 8,
1155 3393 1261 3450 3-11

256 3480 344 3555 Treu,
362 3479 454 3556 paulo
468 3481 586 3539 tantum
600 3480 785 3556 discrepante
799 3479 1023 3540 enuntiatorum
1037 3480 1147 3540 ordine.
1179 3479 1266 3539 cuius

257 3568 366 3636 codicis
389 3568 529 3628 lectiones
553 3568 579 3628 si
602 3569 760 3628 contuleris
783 3588 850 3629 cum
872 3569 898 3627 R
921 3568 1027 3644 verbis,
1051 3569 1123 3629 adeo
1146 3568 1266 3628 illorum

261 3655 372 3716 similes
394 3656 535 3735 invenies,
557 3659 594 3718 ut
616 3661 774 3735 utrumque
802 3657 1006 3736 apographum
1033 3657 1087 3716 uni
1114 3657 1267 3733 eidemque
1387 3719 1388 3722 ,
