2760 4234
358 288 467 343 LIBER
485 287 661 354 QUARTUS.
689 286 879 342 AUGUSTUS
1062 287 1125 351 155

118 454 287 538 ἤλεκτρον·
315 452 333 517 δ
357 447 394 516 δὲ
421 452 555 536 τυφὼν
580 452 737 538 πυρώδης
763 448 818 514 καί
841 451 1028 535 αἱματώδης
1050 451 1166 534 φαί-Χ

116 581 207 624 νεται
229 556 284 622 καλ
307 559 445 634 λεπτούς
468 581 561 635 τινας
588 560 793 644 διαρραίνυν
817 557 1019 640 πλοκάμους·
1047 556 1065 622 ὁ
1089 553 1126 622 δέ

117 665 304 749 κεράστης
327 665 424 748 δίκην
447 667 585 748 σελήνης
607 664 826 750 κερατοειδής,
855 662 901 746 ὅς,
927 661 1024 746 ἡνίκα
1045 661 1126 746 Ξέρ-

117 769 173 854 ξης
194 771 275 835 κατὰ
298 779 355 854 τῆς
373 769 520 854 Ἀττικῆς
543 765 663 854 ήλθεν,
691 769 819 852 λέγεται
848 779 1003 854 φανῆναι.
1049 767 1066 833 ὁ
1091 764 1128 833 δέ
1141 777 1191 834 XS

117 881 322 961 Πτολεμαῖος
345 876 382 942 έν
404 888 473 954 τοῖς
493 877 577 963 πρὸς
594 876 712 961 Σύρον
735 875 824 964 αάτςῖ
847 885 1003 961 γραφεῖσι
1025 890 1126 961 προσ·
1154 901 1166 941 ε

116 985 229 1066 τίθησι
263 981 318 1048 καί
355 982 469 1070 ἕτερον
503 979 592 1060 εἶδος
626 985 771 1068 κομήτου
803 982 1010 1067 καλούμενον
1037 982 1127 1047 σάλ-

59 1097 181 1155 RrIII41
197 1113 332 1174 πιγγα,
356 1095 508 1175 φαίνεται
527 1087 565 1156 δὲ
578 1092 660 1155 κατὰ
678 1091 715 1155 τὸ
734 1089 885 1176 ἀρκτςθον
898 1091 1005 1172 κλίμα.
1038 1089 1071 1152 ολ
1089 1083 1127 1152 δὲ
1141 1098 1198 1153 ΧΥ

115 1200 256 1281 φυσικοί
276 1214 390 1282 φασιν,
414 1198 458 1274 ὡς
477 1203 690 1262 συνίστανται
710 1197 742 1261 ολ
761 1205 901 1280 κομῆται
920 1193 956 1259 ἐν
974 1205 1043 1270 τοῖς
1060 1194 1126 1259 ὑπὸ

116 1306 258 1388 σελήνην
280 1305 416 1380 κόλποις
439 1302 591 1388 ἀστρώδη
614 1305 689 1368 τινὰ
717 1303 822 1385 φύσιν
850 1301 1126 1385 ἐπιδεικνύμενοι·

116 1410 156 1476 ού
179 1411 243 1495 γάρ
267 1410 353 1474 εἰσιν
375 1408 517 1495 ἀστέρες,
542 1408 626 1474 ἀλλὰ
648 1411 859 1494 θρομβώσεις
882 1405 969 1484 τινές
992 1407 1024 1486 ἐξ
1048 1407 1127 1472 ἀνα-
1140 1436 1167 1475 ιο

115 1517 305 1600 θυμιάσευς
328 1524 385 1599 τῆς
408 1525 468 1599 γῆς
495 1514 770 1600 ἀποτελούμεναι,
798 1509 846 1580 ὧν
872 1514 891 1599 ἡ
915 1514 1043 1598 γένεσις
1065 1511 1127 1599 μέν

116 1621 148 1700 έξ
179 1621 275 1708 ἀέρος
302 1631 362 1686 τοῦ
389 1624 471 1687 κατὰ
499 1623 654 1706 συναφὴν
681 1620 1054 1706 έγκαταλαμβανομένου
1081 1629 1126 1708 τῷ

116 1727 240 1814 αίθέρι·
273 1729 356 1794 ὅθεν
387 1728 442 1794 καὶ
476 1731 637 1813 ἰσοταχεῖς
669 1728 758 1817 αὐτῷ
789 1727 885 1814 μέχρι
918 1730 1126 1804 διαπτύσευς
1140 1740 1167 1792 Y

115 1834 426 1922 συμπεριφέρονται.
474 1833 529 1901 καὶ
560 1835 659 1919 ἡνίκα
690 1832 752 1920 μέν
782 1836 844 1918 τήν
873 1834 972 1918 ῥύσιν
1004 1833 1056 1900 έπλ
1088 1835 1126 1899 τὸ

114 1943 201 2008 κάτα
225 1940 413 2026 φερομένην
436 1945 521 2027 ἔχων
542 1943 560 2008 ὁ
580 1944 683 2029 αάθὴρ
701 1946 934 2028 περιληφθείη,
957 1944 1126 2024 πωγωνίαι
1141 1968 1166 2009 15

114 2073 149 2114 τε
170 2047 225 2113 καί
244 2052 342 2115 πίθοι
361 2048 610 2132 ἀποτελοῦνται,
632 2048 731 2132 ἡνίκα
750 2045 787 2113 δέ
804 2052 962 2132 πλαγίως,
980 2057 1127 2132 κομῆται.

114 2156 230 2240 τάχιον
258 2152 294 2220 δέ
323 2157 354 2221 οἱ
381 2160 566 2239 πωγωνίαν,
595 2159 682 2222 πολὺ
712 2152 749 2220 δέ
778 2153 833 2219 καλ
863 2155 990 2222 τούτων
1012 2155 1127 2238 τάχιον

113 2255 212 2328 πίθοι
235 2286 270 2327 τε
292 2261 347 2328 καί
371 2263 500 2339 δοκίδες
523 2261 746 2328 ἐκπίπτουσιν.

61 2379 101 2434 IV
111 2386 144 2434 ‘14
189 2368 260 2432 117.
284 2368 358 2433 Δύο
382 2369 499 2445 Πάνάς
526 2386 616 2453 φασι.
661 2365 749 2446 τινές
777 2366 817 2434 δέ
841 2386 923 2453 φασι
947 2369 1007 2432 τὸν
1030 2372 1166 2434 ΠᾶναΧ

116 2475 151 2540 έκ
174 2477 310 2561 Κρόνου
337 2472 392 2539 καί
411 2473 498 2551 Ῥέας
525 2473 697 2558 γενέσθαι,
725 2473 800 2540 ἀντὶ
826 2484 887 2540 τοῦ
915 2474 950 2540 έκ
977 2482 1037 2540 τοῦ
1065 2482 1128 2539 νοῦ
1142 2504 1168 2543 το

115 2579 170 2646 καί
193 2589 250 2665 τῆς
271 2582 377 2668 ὑγράς
401 2581 526 2664 ούσίας,
551 2573 625 2647 οἷον
647 2591 704 2666 τῆς
725 2582 842 2666 ὑλικῆς
864 2581 1029 2668 ἀπειρίας,
1052 2582 1128 2646 τόδε

115 2711 152 2752 το
175 2697 251 2753 πᾶν.
708 2703 709 2708 ’

60 2812 95 2862 75
185 2794 256 2858 118.
288 2793 569 2880 Ἀποτρεπόμενος
600 2805 661 2860 τοῦ
694 2797 777 2862 κατὰ
807 2801 949 2882 Περσῶν
980 2793 1128 2879 πολέμου

112 3001 117 3036 ·.
175 2949 210 3040 lv.
228 2992 244 3040 5
262 2986 453 3043 Pssolemaeus:
477 2986 631 3042 Tetrabibl.
651 2988 689 3056 Π,
709 2994 725 3041 8
748 2987 767 3043 f.
788 2993 850 3056 23¹,
874 2987 908 3041 cf.
928 2987 997 3057 Lyd.
1021 2987 1056 3041 de
1075 2989 1127 3041 ost.

115 3076 142 3128 p.
158 3061 192 3110 32
210 3057 397 3112 Wachsmuth

188 3253 212 3289 v.
230 3239 244 3287 1
264 3236 360 3304 τύφων
379 3236 420 3304 Χ,
444 3236 540 3305 τυφὼν
558 3235 700 3290 Wachsm.
808 3242 825 3288 4
844 3234 858 3290 δ
878 3234 909 3290 δὲ
923 3241 988 3288 -ἵ
1008 3231 1090 3303 κλίμα
1110 3233 1132 3289 S

115 3304 183 3360 δέν
201 3315 259 3368 τοῖς
273 3338 306 3347 -
339 3315 451 3376 ραφείσι
466 3305 586 3360 omis]
601 3309 605 3377 Ι
621 3315 751 3377 γραφεῖσι
766 3304 859 3373 ἕτερον
872 3303 971 3373 προστί
1014 3322 1040 3359 σι
1055 3301 1129 3368 εἶδος

116 3376 139 3432 S
206 3382 222 3430 ’ί
241 3374 283 3431 δτι
302 3329 337 3432 σέ
347 3386 465 3448 κομῆται
484 3377 514 3433 έν
532 3387 591 3440 τοῖς
609 3378 664 3432 ύπδ
684 3375 800 3445 σελήνην
818 3373 932 3457 κύλποις
951 3309 1128 3431 σιάἀστανται

115 3447 242 3517 άστρώδη
257 3480 292 3488 -
308 3454 340 3502 18
360 3446 539 3503 ἐκπίπτουσιν
558 3449 588 3501 Y
656 3453 672 3502 8
692 3465 779 3517 φασιν
798 3464 875 3502 om1s.
890 3449 918 3502 B
991 3452 1024 3501 10
1044 3447 1069 3501 εί
1083 3465 1128 3502 συ-

115 3535 185 3572 ναστ
202 3520 238 3587 Α,
258 3520 283 3573 εἰ
301 3518 463 3588 συναστέρες
481 3520 529 3591 A„
549 3520 619 3574 είσλν
637 3517 748 3588 ἀστέρες
766 3520 804 3590 Α,
825 3535 913 3589 marg.
932 3519 960 3572 B
1033 3524 1066 3571 12
1085 3518 1129 3590 ἐγ-

116 3588 387 3662 καταλαμβανομένοι
406 3592 434 3645 Β
507 3597 539 3644 13
559 3587 663 3659 αἰθέρι.
688 3594 739 3645 cet.
760 3590 816 3645 dee.
833 3590 864 3644 X
936 3595 968 3643 17
987 3592 1082 3646 πολλοὶ
1101 3591 1132 3644 F

116 3665 151 3712 23
171 3659 411 3731 ἀποτρεπτύμενος
429 3663 464 3731 Β,
484 3661 514 3716 in
531 3678 619 3732 marg.
640 3661 694 3718 oie.
714 3662 752 3716 ad
770 3661 826 3718 Att.
