2788 4222
206 258 246 313 VI
609 257 814 312 PRAEFATIO

213 427 364 485 obtulerat
394 426 519 484 collecta
549 426 667 502 saepius
699 425 737 483 ad
766 426 846 485 hunc
877 426 956 484 diem
986 428 1069 503 prelo
1101 428 1223 486 manda·

211 518 317 574 verant
346 514 404 574 viri
435 514 526 588 docti;
557 515 688 573 nondum
722 517 823 573 autem
852 515 1023 591 constabat,
1057 519 1160 575 utrum
1189 536 1225 576 ea

212 605 275 663 sola
308 623 323 662 e
355 602 447 678 libro,
485 623 574 679 quern
609 602 712 679 Lydus
748 603 784 662 de
815 605 965 663 mensibus
1001 606 1225 682 conscripserat,

212 694 409 768 superessent,
433 711 472 750 an
495 692 621 750 fortasse
643 692 692 750 hic
714 691 777 750 illic
801 693 861 751 alia
885 712 1005 768 quoque
1027 693 1157 753 laterent
1174 695 1225 752 ab·

212 781 289 839 dita:
315 799 407 856 quare
431 779 609 858 Georgius
632 781 817 856 Wissowa‚
841 801 909 841 curn
932 785 1001 841 ante
1019 783 1072 841 hos
1092 784 1225 859 quinque

212 888 304 928 annos
334 871 366 927 in
395 869 518 928 Italiam
547 869 758 945 proficiscerer,
790 889 838 928 me
869 871 998 946 monuit,
1029 875 1066 931 ut
1093 873 1226 930 animum

212 958 409 1034 attenderem,
447 958 472 1016 si
503 958 579 1016 forte
612 959 643 1017 in
670 959 918 1018 bibliothecarum
948 960 1062 1019 scriniis
1095 961 1226 1020 frustula

213 1047 360 1122 quaedam
383 1047 499 1104 alibro
523 1047 558 1105 10
581 1047 732 1106 mensibus
756 1048 858 1106 avolsa
875 1049 1043 1124 reperirem.
1081 1050 1162 1125 quod
1179 1069 1226 1108 me

212 1136 315 1195 fecisse
345 1135 466 1194 minime
495 1136 641 1210 paenitet:
672 1133 816 1194 rionnulla
846 1137 924 1195 enirn
954 1157 1031 1197 nova
1059 1157 1118 1196 non
1146 1138 1225 1214 apud

211 1225 305 1284 Italos
329 1226 417 1297 solos,
439 1243 543 1283 verum
566 1225 657 1283 etiarn
680 1225 762 1301 apud
783 1225 994 1303 Francogallos
1016 1227 1227 1304 Hispanosque

212 1314 356 1390 reperisse
379 1313 453 1371 mihi
471 1313 553 1372 visus
577 1332 643 1372 sum
666 1332 744 1390 quae
766 1314 798 1372 in
816 1315 913 1374 lucem
931 1315 1135 1391 proferrentur
1152 1316 1227 1376 adeo

214 1403 313 1480 digna,
335 1406 372 1461 ut
394 1402 491 1460 denuo
515 1402 663 1461 edendum
684 1403 796 1461 librum
822 1404 910 1462 illum
936 1401 1002 1485 περὶ
1025 1412 1129 1482 μηνῶν
1151 1405 1226 1464 mihi

213 1510 415 1568 proponerem.
458 1491 507 1550 cui
530 1491 655 1551 editioni
678 1511 746 1551 cum
771 1511 831 1550 non
853 1492 884 1550 id
906 1493 1093 1568 propositum
1120 1494 1169 1567 sit,
1191 1497 1228 1552 ut

213 1581 365 1657 integrum
379 1580 509 1639 auctoris
526 1599 599 1655 opus
613 1585 740 1656 promat,
759 1581 849 1639 immo
863 1584 900 1640 ut
918 1601 933 1640 0
948 1583 1073 1641 lacerati
1088 1582 1227 1658 dispersis

214 1669 351 1728 membris
376 1687 497 1744 corpuS,
528 1670 616 1744 quale
641 1669 792 1744 quondam
814 1670 886 1745 fuit,
914 1675 1081 1746 componat,
1108 1671 1229 1731 brevem

215 1757 406 1833 praemittere
439 1757 679 1815 dissertationem
712 1777 786 1832 opus
818 1777 880 1816 esse
910 1763 1048 1834 apparet,
1081 1761 1227 1836 conscrip-

215 1848 278 1904 tam
315 1845 350 1903 de
393 1844 558 1920 codicibus,
602 1845 710 1920 quibus
746 1846 942 1904 Laurentiani
982 1848 1050 1906 libri
1092 1849 1228 1926 singulae

215 1936 317 2010 partes
350 1932 389 1990 ad
419 1933 498 1991 hunc
531 1933 608 1991 diem
639 1936 774 1992 servatae
804 1935 876 2009 sint,
911 1938 941 1993 et
971 1935 1006 1994 de
1039 1937 1228 2012 editionibus,

216 2022 326 2098 quibus
348 2021 399 2079 ille
422 2022 454 2079 in
477 2023 574 2080 lucem
597 2022 637 2080 sit
659 2023 807 2098 prolatus3
831 2026 985 2098 praeterea
1014 2027 1116 2084 autem
1138 2045 1228 2101 quae-

215 2130 280 2170 rere
295 2113 340 2169 est
353 2128 479 2184 necesse,
499 2129 646 2186 quaenam
659 2111 746 2170 bodie
761 2112 910 2186 supersint
924 2112 992 2170 libri
1006 2113 1114 2191 integri
1128 2119 1228 2191 partes

217 2219 337 2277 quaque
358 2199 475 2258 ratione
497 2199 576 2258 inter
599 2219 629 2258 se
647 2201 763 2275 possint
782 2201 930 2276 componi:
954 2221 1031 2277 quae
1051 2204 1149 2262 omnia
1167 2225 1229 2262 una

217 2289 358 2348 continua
380 2288 564 2364 narratione,
592 2289 627 2346 de
650 2289 779 2364 Lydiani
801 2291 936 2365 opusculi
959 2290 1030 2350 fatis
1055 2293 1228 2367 composita,

220 2379 391 2453 amplectar.

112 2475 196 2516 eoae
226 2503 231 2506 -
285 2466 405 2525 Ioannis
424 2466 581 2525 Laurentii
603 2469 767 2525 tractatum
790 2467 993 2527 demensibus
1012 2469 1231 2544 postmodium

218 2557 334 2613 sextum
364 2555 516 2614 saeculum
539 2556 739 2632 conscriptum
767 2575 863 2632 usque
893 2556 932 2614 ad
959 2557 1062 2617 Photii
1093 2561 1227 2635 tempora

219 2642 353 2702 codicum
381 2644 652 2719 manuscriptorum
683 2664 736 2720 ope
764 2645 909 2704 traditum
938 2645 1030 2706 fuisse
1057 2646 1152 2722 ipsius
1175 2667 1228 2724 pa-

219 2732 367 2790 triarchae
385 2732 556 2792 testimonio
574 2733 722 2807 docemur,
740 2733 793 2809 qui
811 2734 917 2811 legisse
937 2753 968 2793 00
985 2735 1073 2794 illum
1091 2736 1230 2795 affirmat.

219 2821 289 2879 talis
312 2819 421 2881 ‚codicis
443 2821 554 2898 integri
577 2823 738 2898 vestigium
761 2826 913 2882 servatum
940 2824 1024 2884 nobis
1053 2828 1098 2883 est
1120 2825 1152 2883 in
1175 2845 1230 2884 co-

221 2910 300 2968 dice
337 2909 388 2985 qui
424 2913 549 2969 vocatur
585 2909 789 2986 (1000011110,
825 2912 996 2970 Parisinum
1031 2915 1232 2989 supplementi

221 2997 320 3075 graeci
343 2997 407 3056 dico
431 3018 553 3057 numero
572 2999 725 3076 signatum
740 3002 812 3076 257,
835 3001 867 3058 in
891 3000 1019 3060 editione
1039 3000 1063 3060 O
1082 3005 1232 3078 vocatum,

221 3107 310 3163 quem
333 3088 501 3146 accuratius
524 3088 679 3164 descripsit
709 3087 739 3147 O.
763 3090 797 3147 B.
820 3089 930 3149 Hasius
959 3090 990 3148 in
1020 3093 1231 3151 commentario

221 3176 257 3234 de
271 3175 382 3235 Ioanne
396 3176 490 3250 Lyde,
504 3196 562 3252 quc
577 3177 686 3236 librum
704 3178 740 3236 de
758 3179 982 3254 magistratibus
996 3178 1232 3239 Laurentianum

223 3265 260 3322 ab
274 3265 297 3323 I.
312 3264 348 3322 D.
363 3265 467 3324 Fussio
491 3265 613 3324 Parisiis
635 3268 717 3324 1812
739 3267 851 3326 editum
871 3268 989 3327 ornavit
1006 3289 1034 3344 p.
1049 3269 1145 3328 LXXI
1159 3289 1232 3345 sqq.,

222 3353 408 3428 Hasiumque
431 3357 548 3413 secutus
573 3357 617 3414 est
636 3353 755 3414 Curtius
774 3357 969 3416 Wachsmuth
992 3359 1023 3415 in
1045 3358 1233 3433 praefatione

220 3440 416 3500 Laurentiani
439 3443 509 3501 libri
527 3443 563 3501 de
582 3445 706 3503 ostentis
724 3445 833 3504 iterum
851 3446 923 3504 editi
942 3465 971 3520 p.
985 3446 1028 3503 IX
1042 3465 1119 3522 sqq.:
1143 3447 1233 3506 codex

223 3529 273 3587 ille
306 3530 359 3587 sub
391 3531 480 3590 finem
510 3533 573 3590 eius
606 3532 687 3607 quod
717 3533 849 3609 proxime
883 3535 1042 3593 antecessit
1074 3537 1184 3594 saeculi
1216 3555 1232 3594 e

220 3618 288 3677 vico
312 3618 442 3692 quodam
465 3619 795 3697 Constantinopolitano
819 3623 850 3680 in
872 3623 969 3681 lucem
989 3643 1125 3684 reversus
1144 3623 1233 3683 Lute-
