2760 4234
408 289 515 344 LIBER
534 288 708 354 QUARTUS.
736 290 899 346 MARTIUS
1091 291 1151 354 111

148 454 253 519 αὐτοῦ
276 453 443 536 διαλαβών
465 469 547 536 φησι
573 455 662 538 παρὰ
685 455 866 531 Χαλδαίοις
889 453 925 519 ἐν
949 464 1018 529 τοῖς
1041 470 1155 538 μυστι·
1168 462 1217 518 XS

147 571 219 636 κοῖς
246 559 347 623 αὐτὸν
379 558 534 642 λέγεσθαι
558 557 630 624 Ἰάω
663 559 737 624 ἀντὶ
765 570 825 626 τοῦ
855 572 926 645 φῶς
954 561 1076 644 νοητὸν
1090 570 1259 626 XSOodsen.

148 676 187 752 τῇ
204 669 371 732 Φοινίκων
384 667 526 751 γλώσση,
541 667 585 742 ὥς
598 683 702 750 φησιν
711 665 887 751 Ἑρέννιος.
924 665 979 732 καὶ
990 669 1141 751 Σαβαὼθ

148 769 184 838 ἀὲ
206 778 374 856 πολλαχοῦ
398 771 539 856 λέγεται,
572 764 645 838 οἷον
668 772 685 838 ὁ
709 769 793 857 ὑπὲρ
817 775 895 849 τοὺς
918 772 997 839 ἑπτά
1020 777 1154 856 πόλους,

146 878 317 946 τουτέστιν
340 878 357 944 ὁ
386 879 595 964 δημιουργός.
639 877 759 944 πολλαὶ
788 875 848 962 μὶν
877 875 938 944 οὖν
966 879 1052 945 οὕτω
1079 879 1187 965 περλθ

146 986 249 1052 αὐτοῦ
259 983 363 1068 δόξαι,
377 989 545 1070 κρείττους
559 981 596 1050 ἀὲ
609 990 737 1068 μᾶλλον
751 986 783 1050 οἱ
798 987 968 1068 ἄγνωστον
982 986 1086 1050 αὐτὸν
1098 985 1153 1050 καὶ
1180 1015 1193 1054 ε

145 1095 272 1177 ἀίδηλον
294 1097 541 1174 θεολογοῦντες.
579 1092 629 1157 ὅτι
652 1087 690 1156 δὲ
709 1093 913 1175 σφάλλονται
933 1094 965 1158 οἱ
983 1095 1154 1158 Διόνυσον

145 1199 249 1264 αὐτὸν
271 1192 358 1264 εἶναι
380 1201 567 1280 νομίζοντες
594 1196 659 1262 ἀπό
687 1220 722 1262 τε
750 1209 818 1262 τῶν
845 1197 1026 1283 εἰρημένων
1054 1197 1154 1281 ἀμπί-

146 1311 228 1388 λων,
261 1306 298 1370 αἳ
322 1305 362 1367 τά
393 1303 668 1387 παραπετάσματα
699 1300 898 1368 ἀνέστελλον
927 1303 981 1368 καὶ
1014 1307 1061 1368 ἔτι
1093 1303 1154 1368 οὐκ

146 1406 209 1476 οἷδ’
238 1410 320 1474 ὅθεν
349 1405 605 1483 ἀναπεισθέντες
634 1407 782 1473 ἀνοινελν
810 1411 888 1484 τοὺς
910 1408 1073 1494 Ἑβραίων
1102 1413 1154 1492 βε-
1167 1438 1194 1476 ιο

146 1519 283 1599 βηλους,
316 1513 348 1591 ἐξ
376 1513 487 1579 αὐτῶν
513 1515 556 1578 ἀν
582 1537 632 1589 τις
659 1525 726 1578 τῶν
758 1512 834 1600 παρ’
863 1514 974 1590 αὐτοῖς
1006 1518 1155 1598 νομίμων

146 1621 255 1703 λάβοι·
285 1619 411 1704 οὐγὰρ
436 1622 514 1696 τοὺς
536 1623 711 1704 βεβήλους,
736 1620 819 1686 ἀλλὰ
842 1623 919 1697 τοὺς
944 1619 1155 1707 λερουμίνους

146 1725 238 1790 τουτὶ
261 1727 418 1812 πράττειν
439 1731 655 1808 θεσπίζουσιν
678 1727 764 1792 οὕτω
788 1726 952 1810 λέγοντες·
976 1723 1082 1794 “οίνον
1100 1727 1155 1793 καλ

147 1835 260 1916 σίκερα
283 1832 324 1897 οὐ
346 1836 464 1898 πίεσθε
486 1833 583 1916 ἡνίκα
606 1833 648 1898 ἀν
667 1835 908 1920 είσπορεύησθε
926 1837 972 1910 είς
995 1836 1056 1918 τὴν
1079 1852 1155 1919 σκη-

146 1937 229 2020 miv?
1166 1966 1192 2006 ιε

92 2054 214 2110 RrIV39
242 2043 294 2110 54.
318 2047 392 2132 Πρὸ
412 2045 587 2112 δεκαπέντε
602 2049 785 2112 Καλενὸῶν
802 2045 981 2132 ’Λπριλίων
994 2047 1012 2114 ὁ
1027 2048 1154 2132 Εὐκτη-
1167 2058 1193 2111 Χ

146 2175 219 2234 μων
249 2157 420 2229 ποικίλους
452 2152 592 2237 ἀνέμους
620 2152 734 2219 πνεέιν
761 2153 857 2237 λέγει.
906 2158 1089 2238 κεφαλαίαν
1117 2151 1154 2219 ἀὲ

141 2255 290 2342 Ἀθηνᾶν
311 2260 372 2342 την
394 2263 559 2344 φρόνησιν
582 2262 623 2325 ἀν
645 2284 695 2336 τις
719 2267 819 2326 είποι·
846 2259 900 2325 καί
927 2262 990 2346 γάρ
1017 2259 1070 2325 ἐπὶ
1093 2270 1153 2325 τοῦ
1166 2271 1216 2326 XS

146 2361 328 2449 βρίγματος
349 2366 431 2430 κατὰ
453 2366 490 2430 τὸ
518 2365 740 2450 ἀντικίφαλον
768 2366 1001 2431 ἐναποκεῖσθαι
1025 2365 1153 2448 λέγεται

145 2471 228 2554 πρὸς
258 2481 330 2547 ταῖς
362 2471 465 2556 ῥίζαις
495 2481 555 2537 τοῦ
590 2471 774 2556 ἐγκεφάλου
808 2483 876 2548 τοῖς
907 2471 1100 2557 ἀνθρώποις
1130 2471 1191 2555 vizo

146 2579 320 2661 φρόνησις·
348 2578 431 2642 ὅθεν
457 2577 670 2662 ὀργιζόμενον
693 2577 842 2663 Ἀχιλλέα
860 2577 1003 2664 Ὅμηρος
1031 2578 1066 2642 ἐκ
1092 2588 1153 2644 τοῦ

355 2789 480 2872 ξανθῆς
502 2787 540 2856 δὲ
561 2794 663 2876 κόμης
685 2791 738 2857 ἕλε
761 2797 944 2876 Πηλείωνα

215 2963 239 2999 v.
257 2951 289 2999 13
309 2945 342 3000 οἳ.
361 2945 447 3001 Levit.
467 2947 504 3014 X,
524 2953 540 3000 9
627 2953 659 3001 16
679 2947 813 3004 Euctemo
832 2949 1017 3004 Wachsmuth
1041 2949 1075 3002 de
1099 2952 1150 3004 ost.

144 3034 171 3084 p.
187 3022 238 3070 296
257 3035 297 3070 nr.
314 3023 347 3070 14
419 3023 452 3070 23
470 3018 550 3072 Hom.
569 3019 600 3072 Il.
620 3020 645 3072 A
664 3025 714 3073 197

215 3176 238 3211 v.
255 3165 269 3211 1
290 3158 317 3212 οἱ
325 3160 459 3283 ἐαλὸαῐοι
472 3159 522 3213 τὸν
535 3159 605 3214 θεὸν
624 3160 676 3214 ἰαὼ
690 3159 816 3230 λέγουσιν
830 3162 893 3216 ἀντὶ
907 3170 956 3216 τοῦ
966 3168 1026 3214 -5
1042 3161 1056 3214 ὁ
1071 3164 1151 3229 δημι-

144 3226 251 3298 ουργός.
267 3229 305 3296 Χ,
350 3245 423 3299 eorg.
435 3229 547 3284 Cedren.
562 3230 627 3283 hist.
643 3248 731 3300 comp.
746 3251 773 3301 p.
789 3233 994 3300 296‚19B0nn:
1007 3229 1067 3286 Ὅτι
1081 3235 1150 3285 Ηαω

143 3299 221 3368 παρὰ
239 3298 392 3362 Χαλδαίοις
415 3299 593 3369 ἑρμηνεύεται
616 3311 676 3369 φῶς
699 3303 800 3371 νοητὸν
820 3311 853 3374 τῇ
874 3300 1012 3357 Φοινίκων
1032 3303 1149 3372 γλώσσῃ·

143 3371 192 3424 κἀί
210 3373 255 3424 Σα
274 3372 338 3426 αάθ
356 3369 387 3426 δὲ
406 3371 421 3425 ὁ
440 3369 509 3440 ὑπὲρ
528 3373 592 3434 τοὺς
611 3371 680 3426 ἑπτά
697 3371 809 3441 πόλους,
827 3371 966 3428 τουτέστιν
984 3372 999 3426 ὁ
1019 3375 1150 3453 δημιουρ-

143 3441 192 3511 γὸς
209 3445 232 3495 θ
248 3465 249 3468 ’
265 3463 285 3504 ς.
367 3439 439 3504 θάς
479 3441 700 3512 ησινἜρίννιος
722 3443 800 3498 omis.
821 3446 852 3497 X
930 3443 1078 3498 46011118.
1098 3445 1153 3498 RS

143 3517 160 3564 5
178 3511 301 3568 τουτέστι
319 3463 486 3583 δημιουργάς
504 3515 532 3567 Β
605 3521 637 3567 12
656 3513 726 3585 λοίβη
746 3515 773 3583 S,
793 3513 872 3586 λάβοι
891 3513 989 3583 scripsi
1011 3517 1016 3583 Ι
1039 3513 1150 3584 ἱερωμέ-

143 3603 210 3646 νους
224 3584 251 3652 S,
271 3583 448 3652 ίερουμίνους
461 3584 559 3654 εοείμτί
632 3591 665 3638 14
678 3583 778 3640 πίεσθε
792 3585 842 3639 ἐὰν
851 3585 923 3638 LXX
997 3591 1029 3639 18
1049 3584 1091 3640 ὅτι
1105 3585 1150 3640 ἐπὶ

143 3663 193 3708 τοῦ
208 3652 359 3726 βρίγματος
369 3689 402 3695 -
411 3674 438 3724 p.
449 3661 550 3725 112,13
565 3653 707 3726 o'cym'hoeS
759 3662 791 3709 21
806 3656 855 3711 τὸν
865 3653 975 3727 ἀχιλλέα
985 3657 1000 3712 ὁ
1011 3654 1113 3728 ὅμηρος
1122 3659 1150 3710 Β
