2788 4222
547 290 750 347 PRAEFATIO
1116 291 1153 346 LI

139 459 271 537 amplam
302 458 374 516 fecit
406 459 575 534 epitomam.
630 479 756 535 quarum
791 459 985 534 reliquiarum
1021 459 1152 518 codicem

138 548 207 607 Vct.
222 547 286 606 Pal.
301 567 344 624 gr.
362 549 421 606 141
449 549 520 607 olim
542 548 698 626 indagavit
720 548 862 607 Nicolaus
883 547 1034 607 Schowius
1058 568 1151 624 eoque

138 638 171 695 in
195 636 307 695 edendo
331 636 407 696 libro
431 637 467 695 de
490 637 640 696 mensibus
664 656 736 696 usus
756 639 801 695 est
819 623 949 718 (1794)‘;
973 637 1004 694 in
1023 637 1153 697 alterum

136 725 243 784 incidit
266 724 297 784 C.
312 725 346 783 B.
360 725 470 784 Hasius
488 726 555 796 Par.
574 747 617 803 gr.
634 729 729 801 1409,
752 725 787 784 de
812 745 870 801 quo
893 726 989 784 fusius
1013 725 1152 785 dissensit

136 835 166 890 p.
189 814 241 872 XL
272 815 476 873 commentarii
512 815 543 872 in
571 814 713 873 Ioannem
740 814 857 891 Lydum
887 815 1053 891 conscripti.
1099 815 1151 874 sed

137 904 194 962 hac
216 904 248 961 in
270 923 303 961 re
326 923 385 962 non
408 902 486 979 Lydi
516 903 644 962 editores
675 903 753 962 solos
783 922 918 962 curemus
948 922 1066 963 ncoessc
1096 906 1151 978 est,

138 993 190 1052 sed
212 991 281 1050 illos
313 1011 430 1067 quoque
453 992 533 1052 viros
563 993 678 1066 doctos,
709 992 760 1068 qui
790 992 826 1050 de
855 992 994 1052 universa
1022 992 1076 1051 illa
1105 1013 1150 1050 re-

138 1080 273 1140 censione
297 1081 398 1140 atita
421 1081 517 1139 dicam
540 1081 693 1140 Planudca
717 1083 851 1157 egerunt.
893 1100 1019 1156 quorum
1037 1081 1150 1156 primus

135 1169 302 1229 laudandus
338 1172 383 1228 est
411 1169 544 1246 Angelus
573 1170 686 1244 Maius,
718 1170 772 1244 qui
801 1169 985 1244 Scriptorum
1016 1173 1151 1229 veterum

137 1278 215 1319 nova
246 1258 418 1317 collectione
448 1261 519 1317 tom.
542 1257 574 1316 Π
595 1279 624 1333 p.
650 1258 712 1316 552
737 1276 801 1333 sqq.
831 1261 949 1331 narrat,
982 1276 1013 1316 se
1044 1258 1149 1316 Dionis

136 1347 232 1406 Cassii
246 1349 393 1422 excerpta,
408 1347 515 1422 quibus
530 1346 684 1405 abundant
693 1346 807 1405 codices
816 1345 971 1419 Planudei,
984 1345 1149 1421 repperisse

134 1437 167 1493 in
186 1435 299 1495 duobus
313 1434 468 1493 Vaticanis
487 1434 645 1508 codicibus,
664 1429 745 1492 ‘nam
762 1434 869 1493 tertius
889 1434 965 1492 alius
978 1434 1149 1494 Planudeus

136 1525 279 1599 pauciora
308 1523 414 1582 Dionis
443 1524 612 1600 fragmenta
641 1517 752 1581 habet':
788 1522 895 1598 quibus
925 1523 1022 1582 verbis
1051 1523 1149 1582 Maius

135 1613 298 1688 inspexisse
322 1631 352 1670 se
375 1612 461 1670 illum
484 1612 626 1686 codicem,
658 1612 710 1670 sed
738 1630 825 1670 usum
855 1631 889 1670 eo
912 1631 971 1670 non
995 1630 1057 1670 csse
1082 1630 1149 1670 con·

136 1701 246 1776 fitetun
298 1701 441 1760 maiorem
471 1701 576 1759 deinde
607 1719 708 1759 curam
738 1700 882 1776 excerptis
915 1700 977 1758 illis
1008 1699 1148 1760 adhibere

120 1791 296 1868 'coepenmt
313 1789 371 1849 viri
390 1789 478 1864 docti,
500 1793 659 1864 postquam
678 1789 849 1850 Theodorus
863 1789 1027 1848 Mommsen
1042 1790 1149 1850 horum

135 1879 249 1937 animos
268 1878 299 1935 in
318 1897 354 1936 ea
375 1878 522 1937 convertit
544 1878 752 1938 ffissertatione
775 1879 903 1938 Hermae
926 1879 984 1939 vol.
998 1879 1043 1936 VI
1062 1880 1147 1939 1872

135 1987 163 2042 p.
184 1968 225 2025 82
246 1986 310 2042 sqq.
332 1966 445 2044 publici
466 1967 540 2026 iuris
562 1967 644 2026 facta
667 1962 769 2026 ‘ueber
791 1968 838 2026 dic
862 1967 929 2027 dcm
952 1967 1070 2026 Cassius
1089 1968 1147 2028 Dio

134 2055 321 2134 beigelcgten
336 2054 417 2115 Tcile
432 2056 485 2115 der
497 2056 715 2115 Planudischcn
729 2057 790 2115 und
804 2057 856 2115 der
870 2055 1149 2116 Constantinischen

134 2138 320 2221 axcepte'1.
365 2147 434 2220 post
459 2145 546 2202 illum
573 2145 651 2204 enim
683 2145 797 2204 codices
820 2145 987 2204 Planudeos
1015 2145 1091 2204 adiit
1112 2146 1147 2204 Ε.

133 2233 327 2293 Piceolomini
356 2233 489 2308 dixitque
519 2233 555 2291 de
584 2234 622 2292 iis
645 2233 762 2292 Rivista
792 2233 823 2292 di
851 2233 984 2310 filologia
1005 2233 1037 2292 Π
1061 2236 1122 2293 187
1127 2236 1146 2292 3

133 2342 162 2398 p.
184 2326 368 2396 101-117,
392 2323 565 2381 149-163
590 2315 739 2403 (‘Intomo
762 2322 792 2380 ai
815 2322 996 2381 collectanea
1018 2321 1049 2379 di
1068 2322 1147 2380 Mas·
1253 2401 1255 2408 Α

134 2410 208 2470 simo
231 2403 411 2491 Planude'),
444 2411 496 2469 ubi
530 2411 603 2470 duos
636 2410 704 2470 illos
734 2410 807 2468 Maii
838 2410 1000 2470 Vaticanos
1033 2411 1146 2470 codices

133 2499 307 2558 Palatinum
338 2517 478 2578 graccum
512 2501 572 2557 141
607 2502 637 2557 et
668 2498 849 2557 Vaticanum
878 2500 939 2559 951
974 2498 1065 2558 fuisse
1097 2500 1145 2559 de-

132 2592 290 2663 monstrat,
314 2588 422 2664 quibus
446 2587 531 2646 addit
552 2586 721 2647 Parisinum
744 2607 883 2665 graecum
907 2590 991 2647 1409
1017 2591 1047 2646 et
1069 2586 1146 2646 Lau-

134 2678 304 2736 rentianum
339 2678 413 2753 plut.
445 2675 522 2750 le,
546 2679 597 2735 30.
650 2677 825 2752 supplentur
861 2679 961 2735 autem
998 2695 1032 2735 ca
1070 2696 1146 2753 quac

131 2767 259 2842 protulit
281 2766 327 2826 vir
350 2765 536 2825 doctissimus
556 2765 721 2824 Hermanni
738 2765 866 2842 Hauptii
888 2765 1145 2841 disquisitionibus

133 2849 235 2913 ‘ueber
267 2855 314 2914 die
346 2855 498 2913 Herkunft
533 2854 585 2912 der
617 2855 684 2913 dem
717 2853 836 2914 Cassius
867 2854 925 2913 Dio
957 2854 1145 2932 beigelegten

133 2942 353 3002 Planudischen
376 2937 534 3019 Excerptc'
551 2943 680 3002 Hermae
699 2944 756 3004 vol.
770 2943 841 3001 XIV
861 2944 945 3002 1879
959 2964 989 3022 p.
1004 2944 1145 3019 36-64,

134 3034 197 3091 291
211 3035 337 3105 -297,
368 3034 399 3090 et
430 3027 526 3090 ‘Neue
549 3031 689 3108 Bcitrltge
719 3053 754 3089 au
784 3032 841 3090 den
863 3032 1063 3109 Fragmenten
1093 3031 1144 3091 des

132 3119 191 3180 Dio
225 3115 364 3197 Cassius',
396 3120 528 3179 eiusdem
559 3120 718 3180 voluminis
745 3141 775 3197 p.
799 3122 989 3197 430—4463
1018 3120 1143 3179 ultimus

133 3209 168 3267 de
191 3210 238 3268 his
262 3209 401 3268 disseruit
422 3209 458 3268 Κ.
481 3209 517 3266 X.
540 3209 665 3268 Mueller
682 3209 779 3268 Musei
799 3209 925 3268 rhenani
942 3209 1000 3268 vol.
1017 3207 1144 3268 XXXVI

207 3380 306 3447 ¹quaa
329 3379 365 3432 de
391 3377 527 3449 excerptis
550 3378 702 3434 Planudeis
725 3378 899 3448 conscriptae
922 3379 988 3431 sunt
1010 3375 1141 3431 disserta-

131 3449 222 3504 tiones
242 3449 393 3520 diligenter
411 3452 609 3504 enumerantur
627 3449 663 3504 ab
677 3450 710 3504 U.
725 3448 775 3503 Ph.
790 3449 954 3504 Boisscvain
972 3447 1002 3501 in
1019 3447 1142 3503 editione

132 3518 222 3576 Cassii
240 3520 338 3574 Dionis
356 3521 369 3574 I
387 3539 413 3592 p.
429 3519 495 3576 CXI.
532 3520 657 3576 invenies
678 3520 785 3575 ibidem
802 3539 829 3590 p.
846 3519 931 3574 CXIV
948 3520 1078 3574 notatum
1096 3536 1141 3574 co-

131 3591 223 3646 dicem
244 3592 385 3659 quendam
402 3590 589 3659 Planudeum‚
614 3608 696 3660 quem
713 3590 833 3659 Neapoli
853 3590 920 3644 olim
938 3589 1141 3663 investigatum

130 3679 149 3716 a
167 3662 273 3717 Cobcto
292 3662 372 3732 (Mus.
391 3662 473 3719 Borb.
492 3663 628 3717 Ii-F-9
648 3679 669 3716 s.
682 3661 757 3732 XIV)
775 3678 827 3731 cgo
845 3679 901 3714 non
919 3661 986 3717 vidi.

942 3750 980 3802 d·
