2790 4214
242 269 286 336 40
605 270 885 326 οωοιιτοιιτιοε

207 443 224 500 S
239 430 294 499 καί
308 433 510 520 ἀνθρώπους
523 435 627 517 τινάς,
641 435 685 511 ὡς
698 433 863 518 Διογένης
877 433 914 500 έν
927 444 997 511 τολς
1014 430 1098 520 ὑπὲρ
1119 434 1254 518 Θούλην

174 550 227 607 HS
241 539 336 619 ἀξιοῖ.
375 542 408 606 ολ
430 536 468 606 δέ
485 538 641 626 Ἀρκάδες
663 552 766 627 τριῶν
787 552 917 626 μηνῶν,
940 542 1124 607 Σικυώνιοι
1147 537 1185 605 δέ
1208 539 1253 624 ἕξ,

244 650 383 712 Λατῖνοι
401 656 505 733 τριῶν
525 644 582 711 καὶ
605 643 683 711 δέκα
701 647 761 712 τὸν
783 645 938 712 ἐνιαυτὸν
960 646 1142 731 ἡρίδμουν,
1163 648 1253 732 παρὰ

241 749 280 818 δὲ
304 751 474 838 Ῥωμαίοις
499 753 537 817 τὸ
567 753 711 818 παλαιὸν
738 751 818 818 δέκα
839 761 945 837 μῆνας
977 752 1158 818 έτετύπωτο
1193 753 1254 818 τὸν

201 872 229 925 Η
242 857 397 924 ἐνιαυτὸν
419 861 522 942 ἔχειν,
544 857 686 944 ὕστερον
708 854 746 924 δέ
766 859 849 944 πρὸς
866 868 926 924 τοῦ
949 857 1109 943 βασιλέως
1131 863 1253 944 Νουμᾶ

215 963 296 1031 οκαλ
324 963 432 1051 ἕτεροι
459 966 522 1030 δύο
549 964 812 1051 προσετέθησαν,
844 975 939 1050 τιμῆς
971 962 1033 1050 μὲν
1063 964 1159 1031 ἕνεκα
1185 976 1253 1030 τῶν

240 1081 370 1154 νοητῶν
389 1072 407 1138 6
426 1069 646 1158 Ἰανουάριος,
672 1083 739 1137 τῶν
765 1071 891 1139 ὑλικῶυ
913 1068 951 1137 δὲ
974 1072 992 1138 6
1018 1073 1252 1158 Φεβρουάριος.

240 1181 372 1264 Καῖσαρ
404 1174 441 1243 δὲ
470 1178 612 1264 ὕστερον
639 1179 657 1245 6
681 1179 783 1255 Γάϊος
812 1177 848 1243 ἐκ
877 1187 934 1262 τῆς
963 1190 1030 1244 τῶν
1058 1181 1253 1262 Αἰγυπτίων

241 1285 378 1369 διδαχὴς
409 1284 579 1364 διετάξατο
617 1287 677 1350 τόν
712 1308 747 1350 τε
783 1287 907 1370 χρόνον
943 1279 1029 1351 εἶναι
1055 1289 1254 1370 τριακοσίων

201 1419 228 1460 ιο
241 1389 398 1475 ἑξίμιοντα
414 1389 513 1457 πέντε
530 1391 688 1477 τετάρτου
705 1390 847 1476 ἡμερῶν,
869 1388 925 1455 καὶ
947 1392 1026 1466 τοὺς
1047 1399 1153 1474 μῆνας
1175 1393 1253 1467 τοὺς

240 1495 302 1582 μέν
315 1497 380 1562 ἀπὸ
399 1499 576 1584 τριάκοντα
591 1500 679 1582 ἔχειν
697 1496 839 1583 ἡμερῶν,
853 1498 932 1573 τοὺς
946 1493 983 1562 δέ
998 1496 1062 1562 ἀπὸ
1076 1498 1253 1583 τριάκοντα

242 1603 326 1688 ἑνός,
344 1606 405 1670 τὸν
419 1601 456 1670 δέ
477 1605 708 1690 Φεβρουάριον
727 1604 931 1670 εἰκοσιοκτώ·
953 1602 974 1685 ἡ
992 1605 1056 1689 γάρ
1073 1607 1254 1688 παλαιότης

241 1713 319 1787 τοὺς
339 1712 537 1776 δυοκαίδεκα
554 1720 660 1796 μῆνας
677 1719 738 1776 τοῦ
755 1710 895 1794 ἡλιακοῦ
913 1709 1068 1776 ἐνιαυτοῦ
1084 1709 1149 1776 ἀπὸ
1163 1713 1253 1798 τριά-

240 1841 342 1884 κοντα
356 1817 488 1903 ἡμερῶν
506 1817 631 1893 πάντας
648 1816 845 1901 ἠρίθμησεν,
865 1817 922 1892 τάς
937 1812 974 1881 δὲ
987 1814 1084 1882 πέντε
1097 1815 1254 1904 τέταρτον

202 1949 227 1989 τε
241 1921 364 2008 ἡμέρας
387 1921 424 1987 έν
446 1923 701 2009 τρισκαιδεκάτῳ
724 1920 804 2005 μηνὶ
825 1921 1012 2006 ἐπέβαλλεν.
1048 1921 1199 2000 ἐνιαυτὸς
1215 1923 1257 1989 δέ
1376 1985 1380 1994 .

242 2027 312 2093 ἐστι
334 2030 454 2113 χρόνος
475 2027 512 2093 έν
530 2019 557 2114 ᾦ
576 2026 619 2092 ἀν
641 2027 659 2093 6
677 2027 771 2110 ἡλιος
789 2026 853 2093 ἀπὸ
872 2036 995 2113 τροπῆς
1014 2030 1183 2115 ἰσημερίας
1200 2031 1253 2113 ἡς-
1303 2069 1305 2076 ·

241 2144 396 2212 τινοςοῶυ
419 2133 600 2220 ἀρξάμενος
623 2131 679 2218 ἀφ’
703 2135 777 2200 οἴου
800 2136 922 2218 δὴποτε
945 2139 1082 2219 σημείου
1102 2147 1170 2202 τῶν
1188 2137 1252 2202 ἀπὸ

241 2252 302 2308 τοῦ
325 2241 504 2328 διαμέτρου
525 2241 651 2307 κύκλου
678 2239 732 2306 ἐπὶ
759 2242 796 2307 τὸ
820 2242 901 2307 αὐτὸ
929 2253 1066 2327 σημεῖον
1087 2242 1253 2328 ἀφίκηται.

308 2351 338 2416 6.
356 2347 588 2434 Ἐτηρὴθησαν
601 2350 634 2414 οἱ
648 2346 837 2432 σεληνιακοὶ
850 2357 961 2434 μῆνες,
978 2348 1179 2434 προστεθέν-
1192 2360 1307 2428 Βτ111,4

201 2470 227 2524 X
241 2480 308 2522 των
330 2455 444 2532 αὐτοῖς
467 2466 535 2522 τῶν
558 2453 679 2542 ἑτέρων
702 2455 764 2521 δύο
786 2455 852 2521 ὑπὸ
875 2465 935 2522 τοῦ
958 2459 1095 2541 Νουμᾶ,
1119 2457 1163 2533 ὡς
1185 2455 1252 2522 ἕλε’-
1375 2542 1381 2552 1

202 2589 226 2628 ει
240 2587 357 2646 γομευ,
385 2559 447 2639 ἕως
473 2572 531 2647 τῆς
554 2565 659 2628 Γαΐου
682 2565 851 2648 Καίσαρος
872 2561 1064 2645 ἡγεμονίας·
1091 2562 1194 2628 αὐτὸν
1216 2561 1256 2628 δέ

241 2685 325 2753 φασι
347 2669 428 2754 τύχη
451 2667 507 2733 καὶ
525 2673 628 2756 σοφίη
645 2666 701 2733 καὶ
719 2669 946 2754 διαφερόντως
959 2667 1158 2755 ἀστρολογίᾳ
1175 2671 1254 2746 τοὺς

242 2776 365 2850 ἀλλους
393 2773 644 2860 ἀποκρύψαντα,
674 2773 843 2858 ἀναβάντα
868 2775 916 2850 εἰς
943 2776 1003 2858 τὴν
1021 2773 1147 2860 Ῥώμην
1174 2774 1253 2841 δέκα

241 2879 297 2947 καὶ
344 2880 424 2965 μίαν
464 2879 734 2966 έπεμβαλομένην
773 2879 899 2966 ἡμέραν
936 2891 1006 2958 τοῖς
1047 2888 1254 2967 σεληνιακοίς

312 3039 336 3075 v.
353 3026 367 3074 1
387 3019 526 3074 Antonius
548 3018 688 3090 Diogenes
711 3018 849 3089 innuitur,
874 3019 952 3074 ouius
975 3029 1030 3075 τῶν
1053 3019 1122 3090 ὑπὲρ
1143 3021 1254 3091 Θοίλην

242 3090 366 3147 ἀπίστων
384 3089 483 3162 λόγους
499 3089 549 3144 κδ’
570 3093 768 3145 commemorat
785 3090 902 3145 Photius
921 3089 994 3147 Bibl.
1016 3092 1076 3147 cod.
1096 3097 1147 3146 166

312 3236 337 3270 v.
353 3222 369 3269 2
388 3214 520 3285 ἀρκάδιοι
534 3216 569 3269 Η
582 3217 586 3285 ἡ
602 3216 651 3270 καλ
665 3216 807 3270 σικυάνιοι
822 3214 850 3281 ἕξ
864 3216 887 3271 S
956 3221 972 3269 3
991 3221 1108 3271 Λατῖνοι
1122 3247 1156 3256 -
1170 3214 1255 3286 ηρόδ-

242 3308 313 3358 μουν
332 3304 385 3342 om.
404 3287 439 3341 H
458 3287 462 3357 Ι
484 3284 638 3356 ἡρίδμουν·
661 3286 689 3341 ολ
707 3283 801 3354 μέντοι
820 3283 938 3356 βωμαϊοι
956 3286 1043 3341 πάλαι
1061 3284 1130 3342 δέκα
1148 3297 1253 3356 μηνῶν,

242 3357 356 3428 ὕστερον
371 3356 402 3413 δὲ
416 3355 595 3413 δυοκαίδεκα.
615 3358 638 3413 S
707 3364 724 3411 4
743 3355 786 3412 δτι
804 3355 873 3413 δέκα
892 3359 974 3428 μησὶν
991 3357 1019 3412 ολ
1037 3359 1149 3429 ἀρχαῖοι
1164 3361 1254 3413 διεπυ-

241 3431 370 3485 πώσαντο
384 3429 434 3485 τὸν
448 3428 614 3484 ἐνιαυτὸνδ
684 3434 717 3482 17
735 3433 791 3484 τῶν
809 3428 855 3483 ἐπὶ
872 3438 922 3484 τοῦ
937 3427 985 3484 διὰ
999 3426 1088 3498 μέσον
1102 3429 1204 3484 κόκλου
1220 3429 1253 3484 oi.

242 3499 294 3556 Gu.
309 3500 387 3555 Kroll
455 3506 487 3554 21
504 3500 596 3555 αὐτῶν
609 3500 638 3554 Α
705 3505 739 3553 23
754 3500 960 3570 ἀποκρύψαντα
975 3501 1011 3569 Β,
1031 3500 1095 3554 add.
1110 3502 1136 3554 A
1165 3518 1253 3571 marg.

242 3579 285 3698 {46
286 3569 527 3696 Ῑέὲιεμβριμομξέηιρξ
535 3572 574 3640 Χ,
589 3569 812 3643 ἐπεμβαλόμενον
821 3572 873 3641 Rr,
888 3569 1112 3644 ἐπεμβαλομέυην
1121 3540 1255 3626 Ιέοεολιλτε
