2790 4214
532 314 642 369 LIBER
659 313 813 370 TERTIUS
1134 317 1173 378 61

163 479 300 562 κυκλικὴ
313 475 369 542 καὶ
383 479 544 562 πολιτική.
570 476 625 543 καὶ
641 479 785 563 ἱερατικη
799 474 860 562 μὲν
872 479 955 542 κατὰ
964 475 1176 543 τὸνἸανουά-
1189 488 1269 541 YHS
1364 509 1365 528 ι

165 608 252 670 ριον,
272 585 351 650 ὅταν
365 584 383 650 ὁ
398 586 491 668 ἥλιος
509 584 569 650 τὸν
588 585 771 671 αἰγόκερων
788 586 918 670 παριὼν
932 583 1071 669 αὔξησιν
1083 594 1177 668 ποιη-

164 714 218 756 ται
232 701 290 774 της
303 689 438 777 ἡμέρας·
452 691 590 776 πάτριος
605 687 642 756 δὲ
652 690 672 774 η
681 689 758 777 παρ’
772 691 885 768 αὐτοῖς
896 692 1054 775 λεγομένη
1064 693 1177 778 πρώτη

162 807 223 864 τοῦ
250 802 407 884 Μαρτίου
444 795 562 882 μηνός,
593 795 672 862 καθ’
700 797 744 880 ἣν
775 797 830 863 καὶ
860 800 900 863 τά
931 799 1017 863 ὅπλα
1044 801 1091 863 έτι
1123 797 1177 864 καὶ
1370 836 1371 888 η

163 914 229 970 νῦν
253 904 422 989 Ῥωμαίοις
452 906 532 980 έθος
561 905 675 969 κινεῖν.
720 903 740 987 ἡ
765 900 802 969 δὲ
831 905 984 988 πολιτικὴ
1007 904 1028 988 ἢ
1051 910 1178 988 μᾶλλον
1205 925 1217 966 ε

162 1013 301 1095 κυκλικη
319 1011 339 1094 ἡ
358 1010 470 1097 πρώτη
494 1019 554 1076 τοῦ
573 1013 805 1096 Σεπτεμβρίου
827 1013 941 1095 μηνός,
964 1010 1007 1093 ἣν
1020 1009 1179 1095 Ἕλληνες

162 1115 224 1204 μὲν
247 1116 454 1202 ἐπινέμησιν,
482 1115 578 1182 αὐτοὶ
602 1113 639 1181 δὲ
662 1118 854 1182 ίνόιιιτιῶνα
876 1123 1049 1182 καλοῦσιν·
1074 1118 1178 1182 ίνῦικ-
1191 1127 1248 1180 YH

163 1235 266 1289 τιῶνα
283 1226 347 1311 ηάρ
370 1225 404 1289 ολ
422 1223 572 1307 Ῥωμαῖοι
590 1224 627 1288 τὸ
647 1225 780 1307 μηνυμα
798 1233 858 1288 τοῦ
878 1223 1083 1288 ἐνιαυσιαίου
1101 1223 1178 1287 κύκ-
1378 1270 1379 1302 η

165 1336 226 1396 λου
248 1335 393 1417 πατρίοις
415 1335 585 1396 καλοῦσιν.
622 1339 679 1413 τῆς
701 1332 765 1416 ηάρ
790 1329 1005 1416 ἀρχαιότητος
1025 1331 1084 1394 τὸν
1101 1330 1179 1393 κόκ-
1192 1340 1218 1392 Y

164 1444 225 1503 λον
248 1437 386 1521 ἐχούσης
409 1439 456 1513 είς
478 1438 516 1501 τὸ
546 1440 727 1520 λεγόμενον
756 1435 834 1522 παρ’
862 1436 974 1512 αὐτοῖς
1004 1441 1178 1521 λοῦστρον,
1193 1458 1218 1498 ιο
1377 1369 1383 1518 ἰ

165 1542 337 1610 τουτέστιν
369 1545 417 1620 είς
447 1545 508 1627 την
540 1545 778 1627 πενταετηρίδα
805 1580 847 1588 -
874 1543 1046 1628 καθαρμὸς
1073 1538 1110 1606 δὲ
1136 1537 1180 1624 ἦν
1379 1523 1386 1674 Ι

163 1648 220 1715 καὶ
247 1653 411 1735 μυστηρια
437 1650 575 1736 Μητρὸς
601 1647 670 1714 κατ’
698 1649 801 1714 αὐτὸν
828 1647 967 1714 ἐτελεῖτο
995 1686 1038 1695 -
1066 1647 1179 1726 ἔδοξεν
1379 1681 1387 1746 4

166 1756 308 1842 ὕστερον
336 1757 419 1842 πρὸς
448 1757 547 1840 τιμὴν
567 1753 684 1841 ’Ἀρεος
707 1793 750 1801 -
773 1756 912 1841 πάτριος
942 1751 979 1820 δὲ
1000 1749 1179 1839 Ῥώμαίοις,

165 1863 210 1938 ὥς
246 1879 343 1946 φασι,
383 1865 464 1939 θεός
495 1899 540 1908 -
570 1863 660 1948 παρά
695 1860 988 1927 πεντεκαιδέκατον
1024 1860 1179 1926 ἐνιαυτὸν

167 1969 393 2034 ἀνανεοῦσθαι
416 1969 476 2034 τὸν
497 1969 630 2033 κύκλον.
666 1968 687 2052 ἡ
710 1970 774 2054 ηάρ
793 1971 900 2033 τελεία
918 1967 1180 2044 ἀποκατάστασις
1194 1989 1219 2031 15

155 2074 273 2161 ’Ἁρεος
296 2077 396 2159 διχῶς
417 2076 716 2161 παραφυλαττεται,
739 2076 839 2161 μικρά
858 2071 918 2159 μέν
936 2076 1179 2159 πεντεκαίδεκα,

166 2180 246 2265 μέση
277 2177 314 2246 δὲ
345 2179 569 2265 ἑβδομήκοντα
601 2180 706 2246 ἐννέα.
757 2181 808 2245 ὅτι
839 2177 875 2246 δὲ
904 2182 1045 2267 ποίτριον
1075 2180 1180 2266 ἀρχὴν

166 2287 321 2352 ἐνιαυτοῦ
349 2289 408 2352 τὸν
430 2289 587 2372 Μάρτιον
615 2289 647 2352 οἱ
670 2286 822 2371 Ῥωμαῖοι
849 2286 1052 2374 παρέλαβον,
1076 2289 1180 2371 δῆλον

165 2392 221 2458 καὶ
239 2393 304 2459 ἀπὸ
322 2403 383 2459 τοῦ
401 2395 459 2469 τάς
478 2391 655 2477 λεγομένας
672 2391 749 2479 παρ’
773 2393 886 2470 αὐτοῖς
904 2395 1086 2479 ματρώνας,
1104 2417 1180 2458 του-

165 2499 254 2565 τέστι
277 2502 335 2577 τάς
357 2500 539 2583 εὐμενίδας,
564 2502 642 2576 τοὺς
666 2499 793 2576 οἰκέτας
816 2498 942 2584 ἑστιᾶν,
968 2501 1119 2586 καθάπερ
1143 2499 1180 2564 ἐν
1195 2524 1220 2563 εο

165 2591 235 2684 τοῖς
257 2611 417 2693 Κρονίοις
446 2605 539 2673 τουτὶ
566 2607 723 2693 πράττειν
751 2609 831 2684 ἔθος
858 2603 901 2690 ἦν
928 2608 1007 2684 τοὺς
1028 2605 1180 2691 κεκτημέ-

165 2733 259 2790 νους·
287 2708 335 2779 ὧν
364 2715 398 2778 αἱ
430 2710 491 2797 μὲν
524 2711 569 2778 δι’
596 2712 713 2799 Ἄρεος
747 2715 846 2798 τιμὴν
881 2714 1079 2780 δουλεύουσι
1110 2724 1180 2790 τοῖς

165 2822 281 2906 ἀρρεσι
304 2832 372 2886 τῶν
395 2823 531 2887 οἰκετῶν
550 2821 606 2885 ἀιά
625 2821 686 2904 τὴν
703 2825 876 2907 κρείττονα
895 2823 1009 2906 φύσιν,
1034 2823 1066 2886 ολ
1085 2817 1121 2886 ἀὲ
1137 2858 1179 2866 -

165 2926 428 3013 ἀποτρόπαιον”
405 2944 515 3014 ωσπερ
531 2930 715 3013 θεραπείαν
734 2930 923 3011 είσάηοντες
940 2953 986 3016 τρι
972 2930 1121 3014 Κρόνῳ
1138 2965 1179 2973 -

166 3063 345 3154 πολιτικην
330 3087 348 3134 η
366 3069 470 3135 μᾶλλον
488 3065 621 3134 κνκλικην
639 3065 711 3121 κατά
729 3067 781 3136 τὴν
799 3069 912 3136 πρώτην
925 3075 975 3121 τοῦ
990 3064 1180 3153 σεπτεμβρίου,

165 3157 202 3204 ην
220 3135 344 3206 ἡμεῖς
315 3156 366 3207 μεν
385 3133 554 3207 ἐπινέμησιν,
573 3138 653 3192 αὐτοὶ
672 3136 703 3192 δὲ
722 3139 885 3195 ἰνὸικτιῶνα
904 3141 1051 3193 καλοῦσιν
1046 3145 1123 3224 τῆς
1128 3135 1180 3206 γὰρ

167 3206 350 3277 ἀρχαιότητος
369 3210 404 3277 (p.
420 3213 463 3276 61,
478 3211 505 3277 9)
519 3211 574 3262 κτλ
591 3205 707 3279 Ιμίαὲ
676 3229 694 3277 μ
709 3229 726 3263 ν
745 3209 869 3278 ἱερατιαή
888 3209 984 3298 ἤγουν
992 3207 1060 3262 ὅταν
1075 3207 1089 3259 ὁ
1105 3204 1182 3274 ηλιος

165 3278 214 3334 τόν
234 3276 454 3370 αἰγοκέρατα-
468 3288 589 3333 ποιεῖται
603 3287 653 3348 τῆς
666 3277 780 3349 ημέρας
802 3279 881 3350 ἑτέρα
896 3279 928 3360 δὲ
944 3278 1062 3347 πάτριος
1079 3298 1096 3346 η
1113 3275 1181 3331 όταν

166 3347 246 3418 (ὅταν
265 3349 318 3405 del.
338 3348 492 3441 θ’)ὴπαρ’
510 3351 653 3412 αῦτοίς-
668 3352 798 3432 κινεῑνό

237 3440 261 3475 v.
278 3427 291 3474 1
312 3420 384 3476 κατὰ
402 3419 470 3476 τόν’
471 3420 652 3510 Ιανουάριον
658 3421 737 3475 omis
751 3424 787 3475 H
855 3420 958 3492 ῦὴὃὲ
973 3417 1050 3489 τρίτη
1065 3419 1179 3488 κυκλιαὴ

165 3512 183 3560 η
202 3492 329 3561 πολιτικὴ
348 3492 370 3546 S
440 3490 490 3546 6“
475 3513 510 3560 ην
529 3489 652 3546 αὐτοὶ
624 3511 674 3560 μεν
689 3493 851 3548 ἰνθικτιῶνα
866 3496 1006 3560 καλοῦσιν,
1026 3489 1135 3561 ἕλληνες
1149 3489 1180 3545 δὲ

167 3560 359 3633 έπινέμησινέ
361 3571 444 3617 ατοῦ
458 3561 620 3634 πράγματος
638 3561 799 3632 ὠνόμασαν·
820 3563 910 3618 ἐπὶ
880 3583 933 3633 γαρ
948 3565 1019 3633 ζυηῶ
1032 3567 1087 3618 κτλ.
1107 3561 1179 3633 (init.

166 3635 281 3758 §223)S
310 3706 338 3760 R
360 3631 517 3702 ῦπατρίως
539 3638 678 3688 καλοῦσιν.
717 3637 768 3689 eet.
789 3634 845 3689 des.
865 3634 901 3688 H
979 3641 1012 3690 17
1031 3632 1110 3707 μέση]
1134 3652 1181 3705 με·

166 3725 236 3775 ηαη
256 3723 290 3760 el
338 3723 353 3760 r
423 3763 426 3768 ,
