2790 4214
453 271 458 281 ’
546 308 654 362 LIBER
672 307 793 362 ALTER,
1045 361 1046 364 ι
1131 307 1171 370 21

114 483 218 549 erLa
264 472 293 534 4.
308 469 379 536 Ὅτι
393 469 511 556 οἱπερὶ
523 473 743 558 Ζωροάστρην
757 470 811 536 καὶ
821 470 1005 556 Ὑστάσπην
1014 473 1174 537 Χαλδαῖοι
1188 481 1215 534 Y

165 575 220 642 καὶ
249 577 428 660 Αἰγύπτιοι
464 576 528 643 ἀπὸ
559 587 620 643 τοῦ
654 577 802 664 ἀριθμοῦ
830 589 897 644 τῶν
930 581 1107 663 πλανητῶν
1138 577 1175 643 ἐν

167 683 325 770 ἑβδομάδι
348 685 405 760 τάς
427 683 549 769 ἡμέρας
572 683 744 768 ἀνέλαβον.
789 684 844 750 καὶ
866 685 928 768 την
950 682 1012 770 μέν
1038 686 1173 772 πρώτην
1187 695 1266 750 XYS

165 790 291 877 ἡμέραν
313 794 393 876 μίαν
417 790 452 856 ἐκ
474 800 531 875 τῆς
554 791 713 876 μονάδος,
741 790 812 858 ἀλλ’
836 792 877 857 οὐ
899 793 1034 878 πρώτην
1059 791 1175 875 ἕκτης

167 895 349 982 ἑβδομάδος
378 896 518 982 κλητέαν
546 901 628 964 κατὰ
657 899 736 975 τοὺς
764 902 1021 985 Πυθαγορείους
1050 900 1107 964 διὰ
1136 899 1173 962 τὸ
1202 921 1214 961 5

166 1005 273 1088 μόνην
296 999 381 1069 εἶναι
404 1003 459 1069 καὶ
482 1004 708 1091 άκοινάνητον
730 1016 801 1082 ταῖς
820 1003 943 1082 άλλαις.
979 1005 1091 1092 πρώτη
1110 1007 1174 1091 γάρ

166 1110 295 1195 λέγεται
321 1111 341 1194 ἡ
369 1113 585 1198 πρωτεύουσα
611 1124 678 1178 τῶν
707 1111 775 1197 μετ’
803 1112 922 1197 αὐτην,
953 1112 973 1195 ἡ
1004 1108 1042 1177 δὲ
1071 1113 1175 1196 μονάς

119 1301 122 1310 .
166 1217 287 1304 ἀμερὴς
309 1215 364 1283 καὶ
388 1216 589 1302 άμετάβολος
616 1217 671 1283 καὶ
699 1219 913 1302 αὐτοκίνητος
940 1217 994 1283 καὶ
1020 1218 1175 1293 ὡσαύτως
1188 1225 1245 1282 XY

165 1327 299 1409 ἔχουσα
322 1320 406 1409 ὑπὲρ
430 1323 577 1409 ἀριθμὸν
595 1325 658 1410 γάρ
678 1324 780 1390 ἐστιν’
804 1325 888 1390 ὥστε
909 1325 970 1389 οὐκ
989 1325 1031 1388 άν
1049 1348 1099 1400 τις
1117 1324 1174 1388 αὐ·
1188 1335 1214 1387 Χ

165 1431 226 1514 την
248 1429 382 1495 καλέσοι
404 1431 548 1515 πρώτην,
572 1429 656 1495 ἀλλά
677 1434 770 1514 μίαν·
794 1427 873 1497 οὐδὲ
896 1433 960 1517 γάρ
983 1429 1037 1494 ἐπὶ
1059 1432 1175 1516 άρτιον
1190 1448 1215 1487 10

167 1535 245 1604 οὐδὲ
275 1536 328 1602 ἐπὶ
358 1538 418 1602 τὸν
443 1538 600 1621 περιττὸν.
626 1535 694 1602 οὔτ’
718 1535 766 1602 ἐπ’
795 1537 898 1603 ἄλλον
924 1539 1000 1602 τινά
1028 1536 1175 1623 ἀριθμὸν

140 1647 369 1730 μεθίσταται.
419 1645 554 1720 δικαίως
585 1643 628 1709 άν
657 1643 760 1709 αὐτοῦ
792 1646 853 1727 την
884 1645 1029 1729 δύναμιν
1060 1641 1170 1728 ἐπέχοι
1189 1659 1215 1712 Y

165 1760 226 1816 τοῦ
249 1760 327 1834 νοῦ,
350 1747 430 1836 ὅπέρ
455 1749 545 1815 ἐστιν
568 1750 699 1833 ἀγαθόν
721 1775 756 1816 τε
778 1749 833 1817 καὶ
854 1753 1020 1837 περιττόν,
1043 1757 1118 1816 ἴσον
1140 1774 1175 1815 τε

165 1855 220 1921 καὶ
237 1856 513 1943 πεπερασμένον,
545 1856 600 1922 καὶ
632 1868 703 1942 φῶς
735 1857 789 1924 καὶ
821 1858 908 1923 εὐθὺ
935 1857 990 1923 καὶ
1021 1860 1174 1942 μόνιμον,
1208 1913 1210 1920 ⁴

165 1965 268 2049 άρρεν
299 1987 333 2028 τε
365 1962 420 2029 καὶ
452 1963 570 2042 δεξιόν.
616 1974 696 2041 νοῦς
722 1965 786 2050 γάρ
819 1963 903 2048 ἐστι,
936 1963 1040 2049 φησὶν
1072 1964 1090 2030 δ
1114 1990 1173 2050 μυ·
1188 1991 1214 2032 15

166 2070 277 2146 στικὸς
308 2072 420 2154 λόγος,
452 2070 616 2156 οὐσιώδης
648 2071 665 2136 ὁ
698 2069 782 2149 άπαξ
820 2070 970 2137 ἐπέκεινα
997 2071 1107 2156 μένων
1137 2071 1175 2136 ἐν

165 2185 203 2262 τῇ
242 2174 362 2242 ἑαυτοῦ
394 2176 492 2264 οὐσίᾳ
523 2175 577 2243 καὶ
609 2179 692 2264 πρὸς
729 2176 848 2244 ἑαυτὸν
879 2177 1174 2265 συνεστραμμένος,

167 2282 266 2360 ἑστώς
284 2307 319 2348 τε
336 2282 391 2348 καὶ
409 2282 526 2367 μένων.
564 2283 762 2370 ἀναφέρεται
781 2281 818 2350 δέ
835 2285 855 2368 ἡ
875 2287 978 2370 μονάς
997 2286 1044 2361 ελς
1057 2283 1174 2349 Ἀπόλ-

165 2395 267 2472 λωνα,
289 2387 460 2454 τουτέστιν
479 2391 525 2465 εἰς
543 2391 602 2454 τὸν
624 2389 683 2455 ἕνα
693 2388 825 2475 Ἥλιον,
848 2389 885 2466 ὃς
897 2389 1068 2456 Ἀπόλλων
1086 2395 1175 2474 λέγε-

165 2520 219 2560 ται
242 2497 298 2562 διά
325 2496 362 2560 τὸ
391 2496 527 2560 ἄπωθεν
555 2491 640 2562 εἶναι
667 2507 735 2562 τῶν
761 2502 903 2562 πολλῶν.
948 2495 1003 2564 καὶ
1023 2497 1174 2582 Ῥωμαῖοι
1189 2527 1215 2566 εο

166 2599 202 2667 δὲ
226 2602 328 2667 αὐτὸν
351 2604 463 2687 Σόλεμ
485 2605 558 2686 ἤτοι
581 2606 686 2687 μόνον
709 2603 851 2686 λέγουσι.

236 2778 261 2814 v.
278 2765 311 2814 16
331 2759 345 2814 ὁ
366 2758 441 2823 ἅπαξ
460 2757 588 2814 ἐπέκεινα
607 2759 685 2814 Kroll
705 2759 749 2814 Or.
769 2760 865 2815 Chald.
884 2779 911 2830 p.
928 2768 960 2815 16
1017 2727 1019 2734 ¹

205 2966 207 2970 ι
236 2920 260 2955 v,
277 2907 291 2954 1
311 2898 354 2954 ὅτι
373 2900 401 2954 οἱ
418 2902 482 2970 περὶ
500 2900 554 2956 inc.
573 2901 658 2955 Maro.
678 2921 718 2972 gr.
739 2908 790 2956 320
805 2903 874 2973 (Μ),
894 2900 936 2957 ὅτι
950 2911 1015 2958 -3
1035 2902 1173 2976 ἀνέλαβον

166 2973 268 3026 desunt
286 2972 318 3025 X
399 2977 415 3025 3
433 2974 483 3026 καὶ
504 2972 555 3041 τὴν
579 2971 629 3041 μὲν
652 2974 764 3042 πρώτην
786 2972 893 3042 ἡμέραν
916 2972 996 3044 μίαν,
1020 2977 1056 3038 ὡς
1070 2977 1126 3030 καὶ
1146 2975 1173 3028 οἱ

165 3040 361 3132 πυθαηόρειοι,
380 3046 510 3098 καλοῦσιν
525 3043 555 3098 έκ
568 3052 617 3112 τῆς
631 3042 762 3112 μονάδος,
781 3042 823 3099 ὅτι
838 3043 908 3115 μάνη
923 3048 972 3101 καὶ
985 3046 1173 3115 ἀκοινώνητος

164 3123 226 3176 ταῖς
235 3113 330 3177 ἄλλαις
343 3115 377 3183 Y,
391 3112 434 3168 ὅτι
446 3111 499 3184 (ὅτι
513 3113 590 3168 omis,
602 3116 642 3184 X)
651 3115 702 3184 τὴν
711 3117 824 3185 πρώτην
837 3114 943 3186 ἡμέραν
952 3115 1019 3186 μίαν
1028 3115 1100 3171 κατὰ
1108 3117 1173 3178 τοὺς

164 3183 373 3256 πνδαηορείους
395 3184 477 3255 (κατδι
499 3187 564 3247 τοὺς
583 3185 792 3257 πνθαηορελους
814 3185 882 3256 μίαν
900 3188 935 3258 S)
958 3186 1075 3258 κλητέον
1098 3189 1172 3256 (κλη-

164 3253 228 3311 τέον
251 3256 285 3326 S)
308 3255 366 3310 ἀλλ’
387 3257 420 3310 οὐ
443 3257 555 3326 πρώτην
578 3256 608 3310 ἐκ
625 3265 675 3326 τῆς
692 3257 816 3326 μονάδος
838 3257 1004 3330 (ἑβδομάδος
1022 3258 1056 3327 S)
1075 3257 1172 3313 διὰτὸ

165 3324 254 3397 μένην
277 3323 350 3382 εἶναι
375 3328 424 3382 καὶ
448 3329 506 3397 (καὶ
534 3327 613 3382 omis¹
633 3329 668 3398 S)
694 3328 884 3398 ἀκοινώνητον
910 3340 972 3392 ταῖς
999 3329 1094 3391 ἄλλαις
1118 3330 1175 3384 XS

166 3401 293 3468 στρατη
312 3397 365 3469 γάρ
384 3399 471 3468 ἡτῶν
490 3397 547 3467 μετ’
565 3398 653 3468 αὐτὴν
670 3399 849 3467 πρωτεύουσα
872 3403 902 3455 Y
968 3407 984 3454 8
1004 3399 1173 3471 άμετάβολος

165 3473 217 3524 οολ.
237 3469 331 3524 δοιά
401 3475 416 3523 9
431 3469 594 3540 ὑπάρχουσα
618 3471 662 3540 Υλ
679 3469 748 3538 ὑπὲρ
767 3469 892 3540 ἀριθμὸν
906 3505 940 3512 -
956 3477 988 3525 12
1008 3469 1172 3540 μεθίσταται

165 3541 243 3595 omis,
259 3542 288 3594 Y
340 3547 372 3594 12
387 3539 579 3603 δικαίας-21
587 3537 695 3611 λέγουσι
704 3541 782 3596 omis.
793 3542 825 3595 X
877 3548 910 3596 18
925 3539 1010 3611 μένον
1020 3543 1063 3612 M,
1082 3541 1172 3613 μένων

165 3629 232 3692 porr.
254 3613 292 3665 M
300 3683 339 3736 M
367 3611 532 3666 2οάποθεν
552 3611 965 3684 συμπαρομαρτῶν
1039 3620 1071 3668 21
1092 3614 1174 3684 σάλεμ

164 3700 194 3735 1n
213 3701 281 3737 corr.
