2790 4214
385 289 494 344 LIBER
512 287 689 354 QUARTUS.
716 286 916 342 IANUARIUS
1115 285 1157 350 63

433 580 596 653 LIBER
624 578 869 664 QUARTUS.

544 708 759 788 Ἰανουάριος.
1173 726 1198 779 x

95 855 204 922 RrIV‚1
241 844 269 908 1.
310 842 546 930 Ἀτοχρώντως
572 843 653 927 ἡμῖν
685 849 825 929 εἴρηται,
853 842 959 928 ἀρχὴν
992 844 1220 928 ίερατικοῦΧῦ

147 949 302 1016 ἐνιαυτοῦ
320 952 380 1016 τὸν
389 948 598 1035 Ἰανουάριον
616 958 704 1033 μῆνα
722 959 792 1026 τοῖς
801 948 971 1033 Ῥωμαίοις
988 949 1077 1034 παρά
1097 957 1158 1013 τοῦ

145 1055 305 1141 βασιλέως
320 1060 442 1141 Νουμᾶ
461 1056 651 1142 ὁρισθῆναι,
665 1054 741 1121 καθ’
766 1055 806 1121 ὸν
823 1065 893 1132 τοῖς
911 1050 995 1141 ὑπὲρ
1015 1056 1159 1138 σελήνην
1174 1063 1191 1116 S

147 1163 312 1247 ἐνόμιζον,
340 1165 449 1248 ὥσπερ
478 1161 514 1226 ἐν
542 1170 588 1248 τῷ
614 1164 832 1249 Φεβρουαρίῳ
861 1171 930 1237 τοῖς
958 1158 1012 1225 ὑπ’
1045 1159 1157 1243 αὐτόν.
1185 1182 1198 1222 ο

147 1269 265 1356 ῥητέον
291 1272 409 1334 τοίνυν
430 1265 507 1353 περὶ
525 1265 651 1351 Ἰανοῦ,
680 1271 730 1344 τίς
752 1290 787 1332 τε
811 1269 875 1352 άρα
898 1264 966 1331 ἐστὶ
988 1263 1043 1331 καὶ
1067 1269 1116 1342 τίς
1139 1264 1198 1348 ἡΧ

145 1375 221 1463 περὶ
244 1376 348 1441 αὐτοῦ
372 1374 452 1453 δόξα
475 1373 591 1457 γέγονε
614 1384 684 1449 τοῖς
702 1372 859 1459 ἄρχαίοις.
900 1372 918 1438 ὸ
938 1374 1078 1457 Λαβεὼν
1097 1367 1160 1437 οὖν

146 1500 250 1567 φησιν
291 1481 395 1546 αὐτὸν
430 1486 605 1546 καλεῖσθαι
642 1478 753 1544 Ἰανὸν
788 1483 973 1564 Κονσίβιον
1008 1477 1157 1543 τουτέστι

146 1592 322 1673 βουίαῑον,
341 1586 452 1652 Ἰανὸν
469 1589 649 1671 Κήνουλον
667 1586 722 1651 καὶ
736 1587 942 1671 Κιβούίλιον
960 1623 1002 1632 -
1023 1587 1055 1651 ol
1072 1587 1135 1672 γάρ
1151 1595 1264 1654 Cedren.

142 1693 293 1778 Ῥωμαῖοι
303 1695 419 1776 νίβους
429 1692 489 1775 τὴν
496 1693 625 1778 τροφὴν
634 1691 820 1768 ἐκάλουν-
830 1683 904 1758 οἷον
913 1691 1159 1777 εὐοιχιαστικόν,
1173 1705 1199 1758 Χ

147 1803 331 1885 Πατρίκιον
345 1797 422 1864 ὡσεὶ
433 1798 633 1883 αὐτόχθονα,
643 1802 850 1890 Κλουσίβιον
859 1797 934 1864 άντὸ
944 1808 1003 1865 τοῦ
1018 1799 1159 1883 ὁδιαῑον,
1173 1823 1199 1876 ιι

142 1905 336 1971 Ἰουνώνιον
348 1904 520 1972 τουτέστιν
534 1904 658 1992 ἀέριον,
676 1909 829 1992 Κυρῖνον
843 1904 964 1971 ὡσανεὶ
977 1908 1159 1992 πρόμαχον,

147 2013 359 2077 Πατοόλιιιον
385 2010 440 2077 καὶ
463 2013 635 2078 Κλούσιον
658 2011 761 2078 οἱονεὶ
783 2014 926 2098 θυρεόν,
954 2014 1160 2098 Κουριάτιον

147 2117 251 2185 οἱονεὶ
265 2121 390 2204 ἔφορον
404 2118 563 2202 εὐγενῶν·
577 2121 775 2205 Κουριάτιοι
790 2121 852 2205 γάρ
867 2117 1070 2205 καὶὉράτιοι
1084 2118 1159 2184 όνό-
1174 2142 1199 2182 15

146 2249 232 2310 ματα
247 2224 455 2310 εὐπατριδῶν
469 2227 541 2291 εἰσι.
563 2224 618 2291 καὶ
633 2228 665 2291 οἱ
679 2222 740 2310 μὸν
754 2227 923 2311 δίμορφον
936 2225 1039 2290 αὐτὸν
1052 2232 1159 2309 μυθο-

217 2401 242 2436 v.
262 2388 286 2436 8.
305 2381 400 2436 Labeo
417 2381 493 2435 Kahl
510 2381 611 2437 Philol.
631 2383 722 2453 suppl.
740 2383 766 2437 V
786 2388 888 2452 730sq.

217 2542 241 2577 v.
262 2529 278 2576 3
298 2520 340 2578 ότι
359 2524 540 2592 ίαννουάριος
558 2523 665 2594 εἴρηται
684 2525 740 2579 ἀπὸ
758 2533 809 2579 τοῦ
827 2524 910 2578 ἰανοῦ
926 2526 996 2577 θεοῦ
1010 2543 1087 2586 τινος
1105 2527 1157 2578 cet.

146 2595 203 2649 dee.
224 2595 253 2648 Y
321 2602 338 2649 4
355 2595 406 2651 τὸν
424 2595 589 2663 ίανουάριον
608 2596 698 2665 ἀρχὴν
716 2604 766 2650 τοῦ
784 2595 914 2651 ἐνιαυτοῦ
932 2591 1050 2665 δωμαῐοι
1067 2593 1158 2664 ἐνόμι-

145 2669 193 2731 ζον
207 2667 256 2720 καὶ
271 2665 319 2720 διὰ
333 2675 415 2720 τοῦτο
430 2667 516 2721 αὐτὸν
531 2664 617 2729 οὕτως
631 2664 686 2722 ὠνό
707 2684 780 2722 ασαν
794 2668 831 2730 ὡς
844 2663 861 2734 ἢ
875 2674 925 2721 τοῦ
940 2667 1042 2729 αἰῶνος
1052 2665 1159 2735 πατέρα

145 2735 162 2805 ἢ
183 2735 225 2791 ότι
245 2736 309 2792 ἔνου
327 2738 377 2793 τὸν
396 2737 525 2793 ἐνιαυτὸν
544 2736 654 2806 ἔλληνες
672 2687 752 2793 εδττον
766 2739 802 2801 ὡς
815 2736 982 2808 ααλίίμαχος
1000 2735 1016 2807 ἦ
1036 2736 1093 2794 άπὸ
1111 2747 1160 2808 τῆς

146 2805 295 2870 ίανοόαςό
314 2807 370 2863 ἐστι
383 2810 476 2877 θύρας
491 2808 658 2877 ίανονάριον
672 2809 868 2880 ὀνομασθῆναι
882 2811 921 2878 H,
941 2807 983 2864 ότι
997 2810 1032 2877 άρ
1052 2809 1068 2879 ὴ
1084 2809 1159 2877 ἱερα-

144 2888 223 2934 τικοῦ
240 2879 369 2934 ἐνιαυτοῦ
384 2879 399 2934 ὸ
414 2879 576 2948 ἰανουάριος
589 2889 648 2942 τοῖς
661 2876 794 2949 ὁομαίοις
807 2880 884 2949 παρὰ
894 2889 943 2935 τοῦ
953 2830 1085 2952 βασιλδως
1094 2900 1159 2937 νον-

145 2957 185 3076 gg(
202 2948 731 3091 &ogfffissyggv'ssvdgsssw’xotfflv*3
749 3019 766 3094 ᾇ
782 2959 865 3078 δέδδῢ
881 2951 966 3078 ongis&
974 2949 1159 3084 Baiogluffi

145 3092 173 3146 οἱ
192 3091 243 3160 μὲν
267 3089 407 3162 δίμορφον
425 3095 481 3163 (16)
495 3125 530 3134 -
544 3112 570 3162 p.
587 3099 633 3161 64,
650 3100 665 3148 6
685 3045 855 3163 σεσαόάένον
873 3043 1039 3148 Ιιοιυὸδόίυι
1058 3092 1088 3145 in
1108 3091 1159 3145 00-

146 3163 245 3216 dinum
262 3181 289 3232 p.
305 3170 356 3217 152
374 3182 415 3218 nr.
431 3170 464 3218 26
542 3169 559 3217 8
578 3165 705 3236 Λαβεών]
727 3167 819 3237 λαβὼν
838 3166 865 3219 Β
938 3171 954 3218 9
973 3161 1112 3219 ιιονσίλιον
1131 3162 1159 3215 Β

147 3241 181 3288 10
200 3235 248 3288 καὶ
267 3235 433 3306 Κιβοόῦῑιον
447 3267 482 3276 -
498 3241 529 3288 11
550 3234 668 3290 ἐκάλουν
683 3251 698 3289 e
712 3235 833 3306 Georgio
847 3236 971 3291 Oedreno
985 3234 1051 3287 hist.
1069 3249 1157 3302 comp.

143 3324 172 3430 ρ,
188 3311 271 3374 295,τ
285 3305 372 3360 Bonn.
389 3305 498 3362 addidi:
518 3304 561 3360 ὅτι
571 3304 702 3375 Ῥωμαῖοι
719 3305 816 3379 αίβους
834 3307 884 3377 τὴν
900 3305 1008 3375 τροφὴν
1028 3301 1157 3358 ἐκάλουν·

160 3377 174 3441 ξ
194 3372 227 3431 οὸ
246 3378 294 3430 καὶ
310 3374 404 3432 Ἰανὸν
420 3378 586 3449 Κιβοόλλιον
605 3378 703 3432 διὰτὸ
723 3378 907 3449 εῦωχαστιιιὸν
926 3376 975 3432 καὶ
989 3374 1084 3430 Ἰανὸν
1101 3379 1159 3430 Κν-

39 3515 40 3518 Ὶ
145 3457 226 3516 ρῑνον
245 3449 346 3503 ὡσανεὶ
363 3447 523 3520 πρόμαχον,
542 3450 590 3504 καὶ
610 3454 751 3504 Κονσαῑον
770 3451 833 3504 ἀντὶ
851 3457 901 3504 τοῦ
920 3448 1020 3503 ὸδαῑον
1038 3447 1086 3501 καὶ
1104 3465 1159 3501 τια-

144 3517 254 3587 τρίνιον
275 3518 437 3590 αὐτόχθονα
529 3525 560 3573 11
581 3517 654 3591 οἷον]
677 3518 817 3575 τουτέστιν
836 3521 864 3574 Β
894 3522 897 3589 Ι
928 3516 1112 3589 εὸιοχαστιιόν
1131 3519 1159 3572 Β

40 3657 41 3664 ¹
146 3596 179 3644 12
199 3591 320 3645 εἰδιαῖον
338 3593 366 3644 Β
452 3597 486 3645 14
504 3591 636 3646 αίοάδιον
659 3593 686 3645 Β
774 3598 806 3646 16
826 3591 926 3646 ὡσανεὶ
950 3591 1069 3662 εῦνενῦν
1093 3589 1158 3660 ἔφο-

144 3681 196 3729 ρον
215 3663 242 3715 Β
259 3664 263 3733 ὸ
279 3663 328 3716 καὶ
341 3659 476 3734 Ὁράτιοι]
496 3664 544 3716 καὶ
563 3661 641 3717 omis.
661 3663 689 3715 B
