2790 4214
238 293 281 358 92
498 293 607 347 LIBER
625 291 800 358 QUARTUS.
826 293 987 348 MARTIUS

133 465 247 522 cedron.
267 481 325 540 τεμ
353 458 386 521 οἱ
405 455 555 540 Ῥωμαῖοι
578 458 701 542 μόρτεμ
732 456 887 541 ἐκάλουν,
915 456 1020 523 οἱονεὶ
1042 458 1202 540 θάνατον,
1229 456 1251 540 ἣ

131 572 281 627 XGedren.
294 564 433 646 κινητὴν
455 575 523 627 τῶν
544 575 669 647 τεχνῶν
687 562 707 646 ἢ
722 561 822 648 Ἀρεα
844 565 904 629 τὸν
926 562 1002 650 παρ’
1026 563 1177 650 ἀρρένων
1195 561 1252 628 καὶ

133 678 246 734 cedron.
262 669 375 752 μόνον
388 670 575 753 τιμώμενον
592 668 613 752 ἢ
632 668 668 734 ἐκ
681 679 741 736 τοῦ
755 670 947 756 μάρνασθαι
960 672 1043 735 κατά
1058 667 1253 752 Φιλόξενον,

237 779 384 840 καλεῖται
412 771 449 840 δὲ
476 774 697 858 Αίγυπτιαστί
721 774 871 863 Ἐρτωσί·
903 786 1001 843 τοῦτο
1035 773 1071 841 δὲ
1100 778 1253 859 σημαίνει

211 881 361 957 οπαντὸς
383 879 502 964 γένους
529 885 712 965 ζωογονίαν
734 880 788 946 καὶ
811 883 918 966 πάσης
942 883 1058 960 οὐσίας
1087 881 1142 947 καὶ
1169 881 1252 964 ὕλης

197 997 224 1051 Χ
237 989 320 1052 κατά
346 988 452 1070 φύσιν
478 987 533 1053 καὶ
561 989 705 1072 δύναμιν
728 990 941 1072 διατακτικὴν
971 992 1181 1073 ζωογονικην.
1231 987 1250 1054 δ

228 1091 330 1180 ’Ἀρης
362 1098 485 1178 χαλκοῦ
517 1093 572 1158 καὶ
601 1096 743 1180 σιδήρου
772 1093 907 1181 εῦρέτης
938 1093 1076 1178 ἐγένετο.
1125 1096 1187 1178 τὴν
1215 1089 1253 1159 δὲ

232 1198 434 1286 Ἀφροδίτην
453 1201 485 1265 ol
504 1205 652 1284 φυσικοί,
674 1197 754 1266 ποτὲ
771 1198 833 1285 μὲν
854 1201 954 1290 αὐτῷ,
977 1198 1057 1267 ποτὲ
1080 1198 1118 1267 δὲ
1131 1201 1252 1286 Ἡφαί-

237 1324 303 1394 στφ
331 1306 559 1372 συνάπτουσιν
586 1306 690 1373 οἱονεὶ
717 1317 756 1394 τῇ
779 1308 868 1394 ὑγρᾷ
890 1308 989 1395 οὐσίᾳ
1015 1309 1077 1392 την
1101 1309 1251 1395 πυρώδη,

198 1441 225 1480 ιο
239 1412 271 1492 ἐξ
294 1414 401 1500 ὑγροῦ
424 1416 598 1498 δήπουθεν
623 1412 679 1479 καὶ
705 1422 836 1500 θερμοῦ
858 1414 1011 1502 προιίναι
1033 1415 1095 1497 τὴν
1117 1413 1250 1497 γένεσιν

238 1521 473 1604 αἰνιττόμενοι·
501 1520 610 1604 ἧκαί,
634 1519 747 1602 ἐπειδὴ
770 1521 881 1596 κοινὸς
904 1520 1017 1596 αὐτοῖς
1041 1521 1059 1586 ὁ
1083 1524 1251 1607 σκόρπιος,

228 1623 417 1712 Ἀρεοςμὲν
426 1627 631 1711 <δυτος>τοῦ
640 1625 791 1714 κέντρου,
800 1624 915 1692 τῶνδὲ
924 1632 1035 1711 χηλῦν
1044 1625 1252 1713 Ἀφροδίτης.

238 1732 478 1818 ἀποστρέφεται
505 1732 558 1816 δέ,
586 1734 696 1820 ὥσπερ
725 1734 807 1798 κατὰ
833 1735 893 1798 τὸν
920 1740 1048 1817 μῦθον,
1070 1732 1250 1821 Ἀφροδίτη

238 1837 430 1924 τὸνἈρην,
459 1839 570 1922 ἐπειδὴ
593 1840 611 1905 ὁ
635 1841 758 1924 χειμὼν
781 1839 963 1906 ἀκολουθεῖ
988 1848 1034 1928 τῷ
1061 1849 1121 1905 τοῦ
1135 1840 1252 1926 ’Ἁρεος

198 1970 224 2012 15
239 1946 313 2033 ίδίφ
345 1947 581 2030 καταστήματι,
617 1946 637 2029 ἡ
671 1943 708 2011 δὲ
736 1945 915 2031 Ἀφροδίτη
948 1949 1113 2034 εὔκρατος.
1167 1949 1252 2013 ὥστε

239 2050 396 2128 ἐναντίως
419 2055 531 2136 ἔχουσι
558 2053 642 2137 πρὸς
666 2050 818 2136 ἑαυτούς,
846 2052 917 2120 ἀλλ’
941 2053 982 2119 οὐ
1004 2056 1168 2119 καθόλου·
1195 2052 1251 2118 καὶ

238 2160 301 2245 γάρ
324 2159 479 2243 ἀλλήλους
506 2161 589 2226 κατὰ
616 2160 654 2225 τὸ
681 2168 742 2225 τοῦ
768 2171 887 2247 καιροῦ
909 2157 1068 2248 προσεχὲς
1090 2161 1252 2226 συνάπτε-

239 2272 320 2331 σθαι
343 2267 495 2349 δοκοῦσι,
523 2268 603 2350 μετὰ
630 2268 694 2351 γάρ
721 2279 866 2350 χειμῶνα
894 2268 931 2332 τὸ
960 2268 1018 2353 ἔαρ
1042 2265 1251 2354 άναφίρεται.

237 2373 458 2458 θεραπεύεται
481 2369 518 2437 δὲ
541 2372 671 2458 δ”Αρης
691 2375 785 2457 ἤχοις
804 2373 916 2439 ὅπλων
934 2371 988 2438 καί
1008 2371 1172 2456 σάλπιγξι,
1195 2371 1250 2438 καὶ

198 2506 225 2544 ιο
239 2481 295 2544 διά
318 2488 416 2545 τοῦτο
440 2479 530 2566 αὐτῷ
552 2481 613 2563 την
635 2481 771 2567 πρώτην
794 2478 912 2567 ἑορτὴν
930 2479 1106 2545 ἐπετέλουν
1129 2481 1161 2545 οἱ
1175 2479 1249 2544 Ῥω-

237 2596 340 2670 μαῖοι,
367 2591 546 2663 καλοῦντες
574 2587 678 2670 αὐτὴν
695 2585 971 2672 Ἀρμιλούστριον
999 2585 1103 2652 οἱονεὶ
1125 2593 1252 2672 καθαρ-

237 2692 302 2775 μὸν
325 2691 451 2774 ὅπλων,
475 2692 519 2775 μὴ
541 2696 693 2777 χείματος
716 2694 760 2777 μὴ
784 2690 895 2777 ἑτέρας
917 2694 1009 2769 τινὸς
1031 2693 1251 2777 περιστάσεως

239 2797 415 2883 είργοόσης
437 2798 499 2880 τὴν
521 2802 655 2882 κίνησιν
682 2809 749 2864 τῶν
776 2798 889 2863 όπλοον
911 2797 965 2863 ἐπὶ
988 2807 1034 2886 τῷ
1061 2807 1121 2864 τοῦ
1135 2796 1252 2884 Ἀρεος

237 2905 355 2991 πεδίφ.·
396 2904 501 2987 ὄνομα
518 2900 556 2968 δὲ
575 2904 664 2992 αὐτῷ
682 2903 752 2970 κατ’
772 2906 977 2988 Αἰγυπτίους
992 2908 1149 2991 Πυρόεις,
1168 2905 1252 2970 ὅθεν

199 3037 225 3086 ιο
237 3008 293 3076 καὶ
317 3008 485 3087 Ξανθικὸς
506 3012 596 3096 παρὰ
614 3013 822 3076 Μακεδόσιν·
837 3009 996 3093 Ἕλληνες
1014 3007 1051 3076 δὲ
1070 3011 1182 3097 αὐτόν,
1204 3013 1250 3089 ὥς

238 3124 375 3204 είρηται,
390 3115 491 3203 Ἀρεα
514 3117 549 3182 ἐκ
568 3129 636 3183 τῶν
652 3118 854 3202 πραγμάτων
873 3120 1134 3205 προσηγόρευον.
1172 3115 1252 3184 οὐδὲ

238 3313 265 3382 7)
279 3311 317 3379 Χ,
337 3309 436 3380 Georg.
452 3309 566 3365 Gedren.
581 3308 647 3364 hist.
662 3327 751 3380 comp.
765 3329 791 3382 p.
807 3310 1023 3379 295‚21ssonn.:
1043 3308 1086 3366 δτι
1104 3312 1154 3367 τὸν
1168 3311 1250 3381 Moie-

236 3400 286 3451 τεμ
300 3413 334 3422 -
348 3401 374 3452 p.
391 3387 465 3448 ⁹22
488 3390 543 3436 τῶν
561 3391 666 3452 τεχνῶν
688 3379 706 3451 ἢ
730 3377 823 3451 (Ἀρεοι
855 3379 944 3451 omis.)
967 3381 1017 3437 τὸν
1039 3380 1106 3452 παρ’
1125 3381 1251 3452 άρρόνων

237 3459 303 3506 -6
323 3455 374 3518 ζωο
393 3451 500 3520 ονικήν.

308 3530 364 3577 v.2
384 3531 457 3592 Αρεα
474 3524 536 3594 τὸν]
555 3523 625 3592 άρεα
643 3532 693 3578 τοῦ
712 3525 740 3577 Β
801 3520 942 3595 ὃμόνωυ]
961 3521 1048 3592 μόνον
1067 3525 1096 3578 Β
1157 3523 1250 3596 ’ίέγό-

237 3612 300 3648 νετο
319 3591 485 3719 εὑρέτηςΙΞ
544 3601 560 3649 8
580 3593 610 3649 δὲ
630 3595 707 3650 omis.
723 3595 750 3648 A
825 3601 856 3648 12
877 3593 1000 3668 <όντος>
1020 3596 1084 3652 add.
1104 3595 1156 3651 Gu.
1171 3595 1249 3650 Kroll

238 3671 270 3719 23
289 3673 339 3719 τοῦ
359 3682 436 3719 oms.
