2790 4214
219 250 262 314 94
482 248 591 304 LIBER
608 247 784 313 QUARTUS.
808 247 970 302 MARTIUS

184 423 291 479 ῦτιον
313 422 507 497 προσειπεῖν
528 413 650 498 χρεών·
676 409 732 476 καὶ
755 411 817 495 οὐχ
840 411 951 488 ἁπλῶς
973 410 1129 476 ἁπάντων
1152 407 1234 476 οὐδὲ

218 529 286 584 τῶν
308 529 429 602 κακῶν,
452 519 536 584 ἀλλὰ
559 517 614 584 καὶ
636 519 765 584 τούτων
787 516 940 584 ἀναίτιον
957 516 1013 584 καλ
1030 518 1154 594 παντὸς
1172 527 1234 584 τοῦ

219 627 316 701 ὄντος
334 630 456 690 αίτιον·
478 626 562 691 ὥστε
580 624 622 690 οὐ
639 633 797 690 ποιοῦσιν
814 625 847 689 ολ
864 621 941 689 θεολ
964 625 1001 688 τὸ
1024 627 1137 708 κακόν,
1155 622 1228 690 ἀλλ’

167 741 218 795 XS
232 732 277 808 ὡς
296 730 437 814 ἀγαθόν,
460 729 515 796 καλ
534 730 733 816 ἀναιροῦσιν
751 730 832 795 αὐτὸ
851 731 895 806 ὡς
913 732 1025 795 κακόν.
1068 731 1150 816 ὅρος
1161 741 1288 796 RrIV28

192 839 283 924 §de
306 837 375 903 ε’στι
397 846 502 902 κακοῦ
520 837 581 902 οὐκ
599 837 698 902 οὐσία
717 841 802 916 ζῶσα
820 835 875 902 καλ
894 838 1040 921 ἔμψυχος
1057 836 1142 903 ἀλλὰ
1160 839 1233 902 διά·

219 952 315 1020 θεσις
339 943 486 1030 ἐνψυχῇ
511 943 668 1020 ἐναντίως
695 947 817 1028 ἔχουσα
843 945 927 1029 πρὸς
949 942 1070 1030 ἀρετὴν
1093 946 1150 1010 θιά
1171 946 1235 1028 την

220 1061 281 1117 τοῦ
320 1056 425 1116 καλοῦ
468 1050 660 1116 ἀπόπτωσιν
697 1061 769 1126 ταῖς
810 1051 991 1137 ῥᾳθυμίαις
1028 1049 1235 1137 ἐγγινομένη.

185 1159 316 1242 Βλάβοι
339 1152 402 1224 οὖν
425 1159 468 1222 ἀν
489 1180 540 1234 τις
562 1157 706 1242 εὐσεβῶς
728 1155 783 1222 καὶ
806 1159 885 1234 τοὺς
911 1155 1111 1241 λεγομένους
1136 1181 1236 1224 κακο-

220 1266 339 1341 ποιοὺς
361 1276 429 1330 τῶν
450 1266 642 1348 πλανήτων,
670 1264 732 1329 οὐκ
759 1266 857 1340 ὄντας
885 1259 946 1348 μέν
972 1265 1146 1340 τοιούτους
1172 1265 1235 1347 τὴν

182 1397 209 1438 ω
223 1372 338 1456 φύσιν,
362 1375 602 1447 συντελοῦντας
621 1367 658 1436 δὲ
682 1372 729 1446 είς
751 1371 812 1453 τὴν
834 1379 895 1436 τοῦ
912 1370 1035 1447 παντὸς
1054 1372 1235 1454 διοίκησιν·

222 1480 251 1543 εί
273 1479 339 1562 γὰρ
360 1478 459 1561 ψύχει
476 1473 538 1561 μέν
556 1476 574 1541 ὀ
593 1479 735 1563 Κρόνος,
759 1477 777 1542 ὀ
797 1472 945 1562 δέ”Λρης
961 1481 1146 1563 θερμαίνει,
1169 1479 1235 1563 ἀρα

222 1590 420 1650 συντελοῦσι
442 1593 481 1669 τῇ
504 1573 646 1666 γενέσει,
673 1582 728 1648 καλ
751 1582 828 1649 καθ’
852 1582 952 1650 ἑαυτὰ
979 1580 1041 1668 μὲν
1063 1585 1234 1670 φθαρτικά

221 1689 301 1773 ε’στι,
323 1691 510 1776 κιρνώμενα
533 1687 571 1755 δὲ
594 1693 746 1776 σωτήριοι

289 1797 340 1860 36.
350 1795 421 1861 Ὅτι
435 1796 671 1880 ὁΠτολεμαῖος
681 1797 765 1882 έντῇ
776 1796 951 1882 ἁρμονικῇ·
966 1795 1155 1882 ὡρισμένοι,
1164 1807 1290 1862 ᾱεεεῖῖῖτ

183 1928 209 1968 ιε
223 1906 337 1986 φησίν,
367 1899 453 1968 είσλν
483 1904 515 1967 οῖ
544 1901 698 1988 ἀριθμοί,
728 1900 773 1967 δι’
800 1897 847 1967 ὧν
877 1901 914 1968 έν
942 1913 1024 1968 πῖισι
1053 1913 1123 1980 τοῖς
1151 1904 1235 1990 πρὸς

223 2010 349 2091 ἄλληλα
372 2011 594 2093 συμβαίνουσι
620 2008 675 2074 καὶ
704 2009 938 2095 ἁρμοζομένοις
961 2009 1123 2095 ὁμολόγος
1145 2013 1246 2093 γίνε-.

222 2139 276 2180 ται
306 2118 496 2200 συμφωνία·
525 2114 580 2180 καλ
608 2113 679 2182 οὐδ’
708 2115 824 2182 ὁτιοῦν
852 2117 997 2182 δύναταί
1021 2140 1103 2198 τινι,
1133 2119 1162 2182 εἰ
1189 2117 1234 2201 μὴ

224 2223 280 2288 διὰ
306 2223 434 2288 τούτων
462 2234 529 2288 τῶν
559 2223 715 2309 ἀριθμῶν
744 2228 931 2290 συνελθεῖν.
983 2221 1047 2289 είσλ
1074 2221 1102 2288 6⁰
1128 2218 1235 2290 οὗτοι·

224 2329 389 2416 ἐπίτριτος
410 2330 561 2414 ἡμιόλιος
584 2332 759 2406 σπονδεῖος
782 2331 956 2406 διπλάσιος
973 2330 1167 2416 τριπλάσιος
1182 2354 1245 2395 τε-η

184 2463 211 2502 εο
224 2437 431 2522 τραπλυίσιος.

290 2543 342 2606 37.
353 2541 424 2608 Ὅτι
433 2545 470 2608 τὸ
480 2541 542 2628 μέν
555 2545 718 2627 αἰσθητὸν
728 2543 760 2621 ἐξ
773 2542 882 2627 ἡλίου,
900 2544 938 2608 τὸ
953 2538 990 2607 δὲ
1004 2543 1148 2627 φυσικὸν
1162 2551 1290 2609 deest-Rr

224 2647 260 2712 έκ
277 2659 335 2732 τῆς
354 2655 548 2734 σεληνιακῆς
566 2653 710 2736 σφαίρας
727 2649 811 2735 πρὸς
828 2649 912 2733 ἡμᾶς
929 2652 1157 2734 παραγίνεται,
1178 2645 1235 2714 καὶ

224 2764 263 2840 τῇ
295 2765 363 2820 τῶν
391 2757 513 2839 φώτων
541 2753 703 2840 ἑκατέρων
730 2754 863 2842 εὐποιῖᾳ
890 2753 959 2820 κατ’
982 2753 1148 2842 ἐξαίρετον
1174 2755 1235 2838 ἥδε

226 2859 426 2945 συνέστηκεν
447 2861 529 2946 ἡμῖν
550 2862 570 2945 ἡ
594 2863 657 2945 ζωὴ
680 2861 701 2945 ἢ
726 2861 839 2946 μέντοι
866 2861 1007 2947 ἡμετέρα
1033 2861 1235 2948 ἀναστροφὴ.

186 2966 280 3036 τεκαὶ
303 2969 337 3032 αλ
358 2978 425 3032 τῶν
447 2967 598 3054 πράξεων
619 2967 784 3054 πρωιοπαλ
807 2978 906 3035 τοῦτο
929 2965 990 3055 μὲν
1012 2970 1095 3055 πρὸς
1113 2971 1153 3036 τὰ
1171 2969 1235 3034 δύο

226 3072 321 3141 ταυτί
344 3087 452 3159 φῶτα,
483 3083 580 3141 τοῦτο
604 3071 641 3140 δέ
663 3073 718 3142 καλ
740 3077 824 3161 πρὸς
850 3077 929 3152 τοὺς
951 3075 1048 3142 πέντε
1069 3076 1246 3158 πλάνητας,

226 3181 462 3268 ἀναφέρονται·
493 3181 576 3247 ἀλλὰ
603 3182 732 3268 τούτων
758 3194 825 3248 τῶν
852 3181 999 3268 ἀστέρων
1026 3183 1149 3258 ἄλλους
1174 3177 1236 3266 μέν

296 3358 321 3394 v.
338 3345 371 3392 14
390 3337 544 3393 Ptolemaei
562 3338 661 3392 eadem
679 3339 765 3393 verbs
782 3338 813 3392 in
825 3338 1001 3394 Harmonieis
1019 3355 1077 3394 non
1094 3339 1235 3410 leguntur,

226 3409 330 3463 similia
349 3425 440 3481 saepe,
460 3426 483 3465 e.
502 3427 529 3480 g.
548 3409 583 3478 11,
602 3416 617 3463 9
636 3410 679 3464 ed.
694 3409 796 3464 Wallis

296 3558 353 3606 vni
370 3549 515 3621 ὄρος-’λ
535 3549 696 3624 ἐγγινομένη
716 3553 747 3608 Χ
817 3551 905 3624 ῦγέιρ
929 3551 1007 3609 omis.
1027 3553 1055 3606 B
1128 3552 1236 3624 ’τέγγε-

226 3619 347 3691 νομένην
364 3623 419 3678 As
1113 3677 1116 3682 .
