2788 4222
566 277 770 334 PRAEFATIO
1084 279 1174 335 XXXI

163 446 266 506 licebit
288 446 346 506 nisi
370 445 549 521 descriptum
572 463 634 506 esse
657 446 735 505 hunc
756 448 919 505 tractatum
938 444 1117 522 Sibyllinnm
1138 468 1173 508 ex

162 536 280 612 integro
304 535 405 610 aliquo
428 533 497 592 libri
521 535 556 593 de
574 534 723 594 mensibus
742 535 850 608 codice,
873 535 925 610 qui
944 536 1173 612 epitomatorum

162 643 288 700 pravam
306 623 495 683 sedulitatem
508 641 612 699 pessus
627 624 758 682 nondum
772 627 845 698 eret,
863 623 989 684 fortasse
1004 642 1022 683 a
1036 625 1100 685 viro
1118 626 1172 685 ali-

165 731 224 789 quo
242 713 338 786 docto,
361 712 407 772 cui
431 713 504 772 baec
525 711 653 772 materie
671 711 753 772 cordi
770 715 844 771 eret.
880 712 970 772 simili
989 713 1068 772 enim
1084 715 1172 774 modo

164 802 282 877 saepius
301 801 417 875 eccidit,
439 801 523 861 utin
545 801 645 860 codice
668 801 806 876 quodem,
830 801 881 876 qui
903 802 1019 862 nullum
1038 805 1173 878 apertum

164 909 231 950 cum
249 887 411 949 Laurentio
430 909 537 948 nexum
554 889 671 965 habeat,
693 892 795 949 tamen
814 889 932 967 singula
951 891 1119 969 fragmenta
1138 912 1173 952 ex

164 979 282 1056 integro
305 978 340 1037 de
369 977 519 1038 mensibus
549 978 624 1037 libro
655 981 793 1055 excerpta
825 982 995 1055 occurrent,
1028 999 1105 1056 quae
1128 1001 1172 1040 re-

163 1067 315 1144 liquorum
351 1067 485 1126 codicum
520 1066 691 1128 testimonio
727 1067 766 1126 ed
800 1067 887 1126 illum
921 1086 1059 1128 revocare
1096 1068 1173 1130 licet.

164 1156 255 1215 buius
278 1155 394 1234 generis
417 1156 618 1232 fragmentum
640 1155 717 1214 illud
743 1154 812 1236 περὶ,
836 1155 942 1234 χάρτου
969 1160 1028 1232 est,
1055 1158 1173 1232 quode

163 1244 332 1304 Parisino
356 1262 486 1322 gracco
512 1246 594 1302 1231
621 1244 770 1318 quendem
794 1243 886 1304 edidit
907 1244 1120 1304 Boissonadius
1142 1245 1173 1304 in

163 1332 316 1394 anecdotis
346 1333 459 1410 graecis
491 1332 549 1391 vol.
572 1332 588 1390 I
610 1352 639 1407 p.
663 1334 741 1405 42ος
773 1351 827 1409 ego
860 1333 910 1407 iis,
943 1351 1020 1407 quoe
1052 1333 1089 1392 de
1121 1333 1173 1393 illo

163 1421 303 1482 editionis
326 1441 355 1496 p.
381 1422 575 1496 13,1lepp.
599 1419 668 1494 dixi,
692 1420 772 1496 quod
795 1419 903 1480 eddam
925 1439 984 1480 non
1006 1420 1108 1480 habeo.

232 1509 344 1578 Quodsi
366 1529 438 1568 vero
459 1511 575 1567 rectum
597 1508 633 1566 de
655 1508 708 1566 illo
731 1508 839 1569 codicis
857 1507 986 1568 Parisini
1010 1510 1073 1568 854
1096 1513 1173 1568 trac-

164 1601 234 1656 tatu
267 1597 410 1656 iudicium
445 1597 584 1671 tulimuS,
624 1597 722 1674 legem
757 1597 818 1656 iam
847 1600 978 1656 statuere
1007 1615 1173 1680 possumne,

156 1704 258 1768 ¹quem
294 1686 402 1746 secutis
438 1685 523 1746 nobis
560 1685 620 1745 alia
661 1704 780 1761 quoque
818 1685 986 1764 fragmenta
1026 1705 1174 1762 anonyma

164 1773 322 1832 Laurentii
345 1774 420 1834 libro
444 1775 479 1833 de
501 1773 652 1833 mensibus
674 1774 825 1833 vindicare
848 1773 956 1834 licebit.
992 1774 1174 1852 ubicumque

163 1863 245 1921 enim
274 1864 402 1924 occurrit
428 1864 577 1923 tractatus
601 1863 724 1939 aliquis,
749 1863 834 1922 cuius
856 1862 948 1922 verbe
970 1881 988 1922 a
1010 1863 1113 1940 primis
1136 1865 1174 1924 ad

166 1954 299 2010 extrema
322 1951 402 2011 idem
424 1954 565 2012 secuntur
594 1951 710 2011 dicendi
739 1970 831 2030 genus
861 1971 955 2028 eoque
985 1972 1045 2013 non
1068 1971 1086 2012 a
1108 1954 1174 2029 pln-

164 2038 255 2116 ribus,
276 2040 327 2100 sed
340 2039 378 2100 ab
396 2060 455 2101 uno
470 2041 533 2101 sole
551 2042 674 2100 auctore
692 2041 860 2117 conscripta
878 2041 1017 2100 videntur
1031 2059 1102 2117 esse,
1121 2042 1174 2102 ubi

163 2148 253 2204 porro
280 2129 362 2189 illius
389 2132 537 2190 tractatus
565 2129 692 2189 materia
723 2130 796 2190 adeo
824 2129 881 2189 sibi
913 2132 1042 2203 constet,
1073 2133 1108 2189 ut
1139 2149 1174 2189 ex

164 2236 226 2276 uno
249 2217 331 2277 fonte
353 2219 471 2296 integre
493 2218 627 2278 derivata
650 2236 712 2277 csse
736 2217 854 2295 debeat,
881 2219 1004 2294 eiusque
1027 2219 1174 2294 particula

167 2304 294 2382 denique
330 2307 433 2382 eliqua
469 2306 616 2367 consentit
647 2325 714 2366 cum
747 2307 797 2381 iic,
834 2325 908 2382 ques
939 2306 1175 2366 Laurentianum
1204 2361 1207 2370 ,

164 2395 242 2453 illud
265 2413 340 2471 opus
368 2396 517 2455 continere
548 2396 664 2466 constat
691 2395 840 2455 codicibus
864 2393 992 2471 OXYS,
1023 2395 1175 2473 integrum

165 2483 252 2541 illum
278 2486 443 2543 tractatum
464 2483 598 2560 Lydiano
629 2483 711 2560 operi
737 2481 804 2563 περὶ
831 2491 934 2562 μηνῶν
960 2483 1087 2543 inserere
1114 2504 1175 2544 non

165 2571 377 2631 dubitabimus.
427 2575 517 2648 atque
550 2572 667 2648 saepius
696 2571 816 2648 quidem
847 2574 902 2632 bec
932 2572 998 2650 lege
1029 2573 1175 2632 utendum

164 2659 224 2719 erit
256 2661 460 2721 evolventibus
493 2661 622 2721 codicem
649 2660 853 2720 Parisinum
884 2679 1051 2738 graecum
1080 2663 1174 2738 1630,

167 2747 377 2825 bombycinum
404 2769 425 2808 s.
445 2750 523 2826 XIV,
548 2769 637 2826 quem
658 2749 683 2807 P
705 2753 777 2809 nota
800 2749 980 2828 significabo.
1019 2749 1174 2826 descripsit
1201 2773 1228 2802 co

164 2836 253 2895 illum
275 2837 429 2898 Fabricius
456 2839 488 2896 in
509 2838 696 2898 Bibliotheca
722 2857 842 2916 graece,
873 2838 1010 2898 editionis
1037 2839 1075 2898 ab
1098 2839 1174 2897 Her·

164 2924 239 2984 lesio
259 2929 379 2985 curatae
397 2931 419 2986 t.
437 2927 481 2985 XI
497 2947 526 3003 p.
547 2928 609 2986 566
629 2945 702 3002 sqq,
724 2926 777 2985 ubi
795 2945 941 3002 quasnam
959 2945 1005 2986 res
1023 2927 1175 2987 contineat

163 3015 334 3074 'accuratius
359 3019 545 3075 enumeratas
572 3009 723 3092 reperies.1
768 3016 859 3092 atque
888 3015 949 3074 iam
978 3016 1096 3093 singula
1127 3035 1173 3074 ex·

165 3105 283 3179 carpta,
317 3107 462 3179 quatenus
495 3104 615 3180 quidem
647 3104 686 3163 ad
715 3103 832 3180 Lydum
861 3104 1000 3163 videntur
1031 3106 1173 3179 spectare,

162 3192 362 3337 cgptemplen'
388 3193 478 3253 liceat
508 3193 610 3252 eodem
640 3193 760 3268 quidem
790 3192 901 3269 ordine,
931 3211 990 3269 que
1018 3194 1121 3251 extant
1142 3191 1174 3250 in

164 3279 304 3340 e‘tione.

234 3368 348 3429 Codicis
370 3370 395 3428 P
418 3370 490 3431 folio
515 3371 591 3431 113¹
604 3388 667 3446 sqq.
696 3372 834 3430 exaratus
864 3372 910 3464 cst
938 3370 1085 3428 tractatus
1109 3369 1172 3446 qui·

241 3572 249 3604 ¹
268 3573 303 3628 de
322 3574 420 3630 eodem
438 3575 534 3630 codice
553 3575 612 3648 egit
637 3592 701 3630 cum
723 3575 857 3630 scriberet
880 3573 914 3627 dc
937 3571 1071 3642 carmine,
1097 3573 1173 3644 quod

162 3642 252 3714 vulgo
266 3643 414 3714 Phecylidi
426 3646 569 3715 tribuitur,
588 3645 640 3701 Gu.
650 3645 729 3700 Kroll
742 3663 811 3700 mue.
822 3645 874 3700 nh.
884 3646 905 3699 t.
915 3644 1068 3699 XXXXVII
1077 3663 1103 3716 p.
1111 3651 1171 3700 457.
