2790 4214
515 298 625 352 LIBER
641 298 762 353 ALTER
1099 297 1143 362 33

158 466 252 532 ἵλαθι
270 461 380 547 κύόιμ’
399 460 533 548 ἀριθμέ,
553 464 653 548 πάτερ
673 464 840 549 μακάρων,
858 425 960 549 πάτερ
979 462 1121 548 ἀνδρῶν.
1157 472 1183 526 Χ

84 608 258 686 RrII,1112.
286 608 354 690 Τήν
382 603 527 691 ἑβδόμην
549 603 675 690 ἡμέραν
698 605 876 688 Αἰγύπτιοι
900 601 961 690 μὲν
984 603 1038 670 καὶ
1057 609 1144 670 Χαλ-
1161 615 1218 669 ΧΥ

137 716 225 781 όαῖοι
242 721 481 799 κροσφωνοῦσι
503 715 674 796 Φαίνοντι,
698 711 783 777 οὕτω
806 709 875 777 κατ’
903 711 1025 788 αὐτοὺς
1042 728 1144 797 προσ-

136 818 366 906 αγορευομένῳ
403 817 516 903 ἀστέρι
547 826 594 905 τῷ
619 819 755 883 πάντων
792 818 963 907 άνωτάτῳ,
1002 820 1144 903 ψύχοντι

135 912 243 1013 άκρως
261 924 316 991 καὶ
338 935 507 1010 προσεχῶς
525 924 725 1010 ξηραίνοντι,
747 927 882 1018 Κρόνον
901 922 938 990 δὲ
956 924 1144 991 αὐτὸνἝλ-
1170 942 1183 983 ⁵

137 1039 234 1118 λησιν
257 1035 336 1108 ἔθος
358 1036 473 1096 καλεῖν
494 1031 576 1095 κατὰ
598 1027 660 1115 μὲν
681 1034 876 1117 θεολργίαν,
903 1033 985 1096 κατά
1012 1028 1049 1096 δὲ
1072 1032 1144 1097 έτυ-

136 1141 297 1224 μολογίαν
316 1139 453 1223 όιακορή
472 1146 567 1221 νοῦν,
589 1134 693 1202 οἱονεὶ
710 1139 819 1223 πλήρη
837 1135 893 1202 καὶ
910 1139 1032 1222 μεστὸν
1050 1137 1143 1224 ἑτῶν,

136 1239 210 1312 άντὶ
235 1254 295 1310 τοῦ
318 1247 540 1328 Μακραίωνα,
568 1243 613 1319 ὡς
636 1249 771 1329 εόρηται.
816 1243 852 1308 οῖ
871 1267 908 1326 γε
935 1245 1001 1328 μήν
1025 1250 1144 1310 Πυθα-
1157 1255 1237 1310 XYS

136 1355 262 1438 γόρειοι
284 1358 330 1438 τῷ
353 1351 490 1434 ἡγεμόνι
510 1357 570 1413 τοῦ
588 1350 711 1426 παντὸς
728 1349 790 1431 τήν
808 1347 953 1434 ἑβδόμην
971 1349 1145 1418 ἀνατίθεν-

136 1483 200 1541 ται,
224 1455 373 1523 τουτέστι
391 1464 437 1544 τῷ
456 1457 517 1538 ε’νί,
539 1452 595 1519 καὶ
607 1456 734 1539 μάρτυς
750 1453 890 1540 Ὀρφεὺς
903 1454 1010 1539 λέγων
1028 1457 1145 1534 οὕτως·
1159 1485 1185 1525 1ο

151 1656 155 1666 ·
214 1613 347 1700 ἑβδόμη,
369 1615 412 1698 ήν
434 1614 592 1699 ἐφίλησεν
615 1613 696 1692 άναξ
719 1611 874 1700 ἑκάεργος
892 1613 1070 1682 Ἀπόλλων.

132 1761 324 1841 Ἀπόλλωνα
343 1771 379 1840 δὲ
397 1787 561 1860 μυστικῶς
579 1776 638 1841 τὸν
656 1772 715 1840 ἕνα
729 1773 887 1859 λέγεσθαι
903 1779 1146 1862 προειρήκαμεν

138 1883 195 1947 όιά
219 1884 257 1947 τὸ
288 1883 424 1948 άκωθεν
453 1877 539 1947 εἶναι
570 1892 637 1948 τῶν
668 1887 815 1966 πολλῶν,
847 1881 996 1949 τουτέστι
1029 1886 1145 1968 μόνον-

137 1989 249 2074 όρθῶς
281 1983 343 2054 οὖν
374 1988 521 2074 άμήτορα
551 1990 612 2054 τὸν
643 1986 723 2054 ἑκτά
755 1988 903 2074 ἀριθμὸν
929 1989 947 2054 ὁ
980 1992 1146 2068 Φιλόλαος

137 2099 393 2181 προσηγόρευσε,
416 2098 517 2180 μόνος
539 2096 603 2180 γάρ
627 2096 703 2160 οὔτε
725 2105 848 2178 γεννᾶν
866 2097 942 2161 οὔτε
960 2103 1145 2178 γεννᾶσθαι
1159 2122 1185 2162 15

136 2201 277 2290 Ικέφυκε·
299 2202 337 2267 τὸ
357 2199 395 2268 δὲ
408 2203 487 2286 μήτε
505 2212 634 2286 γεννῶν
652 2203 732 2285 μήτε
750 2203 960 2286 γεννώμενον
978 2201 1147 2287 άκίνητον·

142 2307 179 2372 έν
200 2309 327 2391 κινήσει
350 2308 413 2393 γάρ
438 2307 459 2390 ή
482 2306 650 2392 γέννησις,
677 2308 714 2372 τὸ
736 2306 811 2391 μέν,
839 2307 894 2371 ἵνα
916 2311 1074 2395 γεννήσῃ,
1105 2311 1143 2376 τὸ
1158 2319 1207 2372 XS

137 2412 191 2497 όέ,
220 2413 276 2478 ἵνα
303 2420 464 2500 γεννηθῇ·
493 2423 644 2489 τοιοῦτος
667 2409 704 2478 δέ
726 2413 744 2478 ὁ
768 2416 863 2496 θεός,
889 2414 933 2490 ὡς
961 2412 1016 2479 καὶ
1044 2414 1144 2494 αὐτὸς

208 2641 232 2677 v.
249 2629 263 2676 1
283 2623 355 2677 Abel
372 2623 464 2694 Frgm.
485 2621 568 2693 Otph.
588 2629 639 2677 147
713 2628 746 2677 10
764 2623 836 2677 Abel
850 2623 941 2693 Frgm.
962 2622 1047 2694 Orph.
1067 2630 1117 2679 148

208 2836 232 2872 v.
253 2824 266 2871 1
291 2815 435 2887 μακαρίων
458 2819 501 2888 Χ,
529 2817 661 2887 μακάρων
683 2818 735 2874 sch
842 2823 857 2871 2
880 2816 986 2889 ἡμέραν
1013 2819 1091 2874 omis,
1120 2821 1149 2876 Y

137 2894 154 2942 3
174 2886 259 2951 οὕτως
283 2890 315 2944 Χ
401 2896 418 2943 4
440 2894 477 2962 τῷ
499 2888 625 2963 πάντων]
647 2899 703 2945 τῶν
724 2888 838 2944 πάντων
862 2890 890 2943 Y
976 2890 1097 2960 ῶάκρος
1118 2892 1146 2946 Α

137 2965 155 3013 6
174 2957 323 3030 θεολογίαν
342 2956 389 3017 οἷα
407 2962 525 3030 ὃιαιιορῆ
544 2969 613 3016 νοῶν
631 2961 778 3032 (διαμονήν
797 2957 848 3015 οὖν
867 2961 895 3014 Β
917 2969 984 3031 -ρῆν
1007 2958 1057 3016 οὖν
1077 2979 1145 3016 corr.

138 3031 179 3099 B,
202 3032 339 3101 ὃιαιιορην
362 3027 412 3086 οόν
431 3031 458 3085 A
481 3040 548 3101 -νῆν
571 3028 623 3087 οόν
641 3033 682 3103 A,
703 3035 802 3122 marg.)
826 3030 897 3086 κατά
916 3031 947 3085 δὲ
966 3030 1147 3101 ἐτυμολογίαν

138 3099 226 3156 οἱονεί
240 3102 329 3172 οοᾶό,
349 3119 417 3156 corr.
432 3102 485 3157 sch
555 3104 655 3158 8άντλ
673 3123 837 3172 μακραιωνα
855 3103 891 3164 ὡς
905 3101 1012 3171 εἴρηται
1027 3104 1063 3171 Χ,
1083 3101 1147 3157 ἀντὶ
1251 3141 1254 3148 -

137 3181 187 3227 τοῦ
206 3171 369 3242 μακραίωνα
392 3173 421 3227 Υ
437 3177 441 3241 Ι
462 3172 477 3227 ὁ
496 3172 548 3244 γὰρ
568 3172 684 3245 ἕβδομος
702 3173 823 3243 άρνθμὸς
840 3171 919 3243 ἡλίου
938 3172 1023 3228 ἐστίν’
1048 3172 1075 3227 ολ
1094 3172 1146 3243 γὰρ

136 3242 373 3314 πυθαγόρειοι-
386 3263 412 3313 p.
427 3250 505 3313 34,δ
528 3244 662 3314 ἐμφανῶν
684 3245 802 3300 θεῶνδ
841 3267 843 3274 ’
890 3249 922 3297 10
941 3243 1045 3312 μάρτυς
1067 3243 1146 3298 omis.

138 3314 196 3369 XS
227 3315 235 3406 (
265 3314 280 3368 ό
303 3314 446 3384 όρφεὺςδ
551 3322 583 3369 12
602 3314 756 3372 Ἀπόλλωνα
775 3347 810 3356 -
830 3321 863 3368 13
882 3313 970 3384 μόνον
993 3315 1094 3368 desunt
1122 3316 1150 3369 Y

140 3391 173 3439 13
192 3388 289 3440 ὃια-
304 3384 391 3455 μόνον
410 3385 526 3442 011111.ιῖ
596 3393 629 3440 14
647 3386 790 3457 άκμήτορα
808 3387 837 3439 Β
910 3392 942 3440 15
961 3382 1146 3441 οὐδὲ-οὐδὲ

138 3457 193 3511 As
264 3464 297 3511 16
315 3455 435 3528 πέφυκε·
454 3458 486 3512 τό
505 3456 537 3511 δὲ
554 3467 682 3514 τοιοῦτον
700 3456 834 3527 ἀκίνητον
853 3456 882 3510 Y
951 3461 983 3508 17
1003 3452 1145 3526 γέννησις,

138 3527 235 3597 ἐπειδὴ
249 3529 298 3582 καλ
311 3528 342 3583 τὸ
362 3537 468 3599 γεννῶν
482 3530 530 3583 ιιαλ
543 3530 574 3585 τὸ
594 3530 766 3601 γεννώμενον
785 3528 836 3583 οὐκ
851 3519 919 3581 άνευ
937 3525 1068 3595 κινήσεώς
1082 3527 1146 3583 ἐστι.

138 3599 170 3653 τὸ
189 3597 239 3669 μὲν
258 3597 306 3654 ἴνα
320 3601 359 3666 Χ,
377 3597 511 3669 ἀκίνητον
529 3598 637 3670 πέφυκε
649 3632 654 3642 ·
665 3608 789 3662 τοιοῦτος
807 3597 838 3652 δὲ
857 3597 872 3651 ό
891 3595 970 3660 θεός
990 3599 1059 3668 φησὶ
1078 3607 1146 3670 γοῦν

138 3671 187 3724 καλ
206 3669 312 3738 όνήτωρ
331 3670 353 3725 S
367 3670 371 3742 Ι
387 3670 418 3724 τὸ
437 3669 487 3739 μὲν
501 3703 535 3712 -
549 3691 575 3741 p.
591 3678 633 3739 34,
647 3677 662 3724 3
682 3669 777 3740 ὅμοιος
795 3671 895 3723 desunt
918 3670 947 3722 Y

192 3770 274 3810 11111111
289 3769 323 3809 ed.
338 3769 485 3810 Wuenseh
972 3765 988 3812 3
