2788 4222
558 299 763 356 PRAEFATIO
1092 299 1166 353 LVII

157 476 269 551 guntur
286 491 314 547 p.
334 473 385 544 46,
406 470 478 528 2111
501 491 516 528 1
540 469 688 529 codicibus
711 470 889 530 recensionis
907 469 934 527 X
953 469 1056 544 petita.
1102 473 1167 526 tum

157 565 257 621 autem
285 561 321 618 ab
348 559 385 618 iis
414 577 490 634 quae
516 561 740 635 praecesseiunt
768 557 946 617 editionibus
974 557 1107 633 discrepo
1134 558 1166 615 in

158 649 337 710 collocandis
355 649 392 706 iis
411 648 597 725 fragmentis,
620 667 696 723 quae
714 647 783 705 inde
802 666 820 705 a
838 647 894 722 111,
914 651 954 706 17
965 647 1008 704 Rn
1025 648 1167 723 leguntur

156 757 252 815 usque
275 738 313 796 ad
335 737 424 795 finem
446 737 515 794 111111Ι
538 736 628 794 tertii.
666 737 804 812 opinatus
824 737 902 794 enim
923 739 988 794 erat
1007 735 1167 809 solonius,

157 828 264 886 adiisse
291 826 457 885 Planudem
484 826 580 884 solum
610 826 706 900 operis
733 825 917 901 prooemium
947 827 977 882 et
1003 825 1167 902 neglexisse

157 935 276 993 prorsus
306 915 415 974 librum
446 918 585 989 quartum
615 933 633 971 a
659 914 822 972 Laurentio
855 914 890 972 de
920 913 1069 973 mensibus
1099 932 1167 973 eon-

157 1006 307 1081 scn'ptuni.
354 1003 434 1079 quod
457 1003 626 1062 Schowium
647 1002 728 1061 haud
749 1006 829 1061 reete
852 1002 955 1061 fecisse
977 1003 1039 1060 iam
1057 1003 1167 1061 Hasius

157 1094 274 1154 monuit
302 1085 419 1174 (comm.
443 1112 471 1168 p.
493 1084 588 1173 XLI):
619 1095 721 1168 aperte
748 1091 827 1149 enim
853 1091 960 1149 horum
986 1092 1167 1168 fragmento·

156 1201 224 1241 rum
247 1183 399 1257 complura
422 1181 594 1256 conspirant
617 1199 683 1239 cum
705 1180 756 1255 iis,
782 1197 860 1256 quae
882 1179 959 1239 libro
983 1182 1091 1255 quarto
1114 1181 1167 1238 tri·

157 1272 290 1330 buuntur
312 1290 330 1328 a
359 1269 506 1328 codicibus
535 1269 662 1327 aliarum
689 1268 904 1342 recensionum3
932 1267 1063 1326 Roether
1088 1287 1166 1343 vero,

159 1360 293 1436 quamvis
316 1359 347 1416 id
371 1357 408 1416 ab
426 1357 519 1416 Hosio
542 1357 616 1415 bene
638 1357 785 1415 monitum
804 1373 866 1415 esse
884 1356 1087 1431 intellexisset,
1111 1357 1167 1414 dis-

157 1449 336 1525 positionem
365 1465 382 1504 1
411 1446 544 1504 Schowio
571 1445 740 1504 institutam
768 1449 884 1503 mutere
912 1463 999 1503 ausus
1027 1463 1087 1502 non
1115 1447 1169 1517 est,

157 1556 195 1596 ne
219 1555 273 1595 sua
296 1535 334 1594 ob
351 1535 433 1592 illius
452 1535 540 1593 nimis
560 1534 690 1592 differret
709 1533 799 1592 editio
820 1526 926 1614 (praef.
941 1553 969 1608 p.
983 1525 1053 1614 IX):
1077 1533 1168 1592 idem-

153 1639 216 1702 ·que
239 1623 427 1684 commissum
450 1641 512 1682 esse
536 1642 553 1682 a
575 1623 711 1681 Bekkero
735 1641 795 1681 non
817 1622 979 1681 miraberis,
1021 1640 1075 1699 ego
1098 1641 1168 1680 vero

158 1714 219 1774 suis
243 1713 315 1772 loeis
339 1712 541 1771 distribuenda
564 1713 637 1770 haec
656 1711 766 1786 curavi,
789 1712 869 1787 quod
888 1709 1007 1769 difficile
1026 1730 1086 1770 non
1105 1714 1169 1769 erat

158 1803 372 1862 sententiarum
396 1804 427 1859 et
447 1821 546 1859 11111111
571 1803 768 1860 metaturum
794 1820 902 1859 nexum
929 1801 1111 1860 observanti:
1140 1804 1170 1859 et

156 1892 202 1950 ita
223 1892 337 1950 factum
360 1893 414 1964 est,
436 1891 471 1947 ut
493 1891 525 1948 in
547 1890 656 1949 librum
676 1893 815 1965 quartum
833 1889 971 1948 editionis
989 1890 1171 1948 referrentur

157 1981 212 2054 HI,
233 1981 362 2039 17—43
388 1982 418 2037 et
437 1979 627 2038 46—51Rr.
646 1978 828 2054 reliquarum
847 1981 948 2036 autem
966 1979 1169 2054 paragrapho·

157 2089 224 2127 rum
248 2071 290 2126 44
315 2071 345 2126 et
368 2069 409 2126 45
437 2067 513 2127 libro
541 2068 631 2127 teitio
661 2067 853 2127 vindicandas
884 2086 946 2126 esse
974 2067 1075 2126 docuit
1102 2087 1169 2126 con·

159 2176 261 2216 sensus
286 2157 338 2232 qui
363 2156 464 2214 existit
491 2176 559 2217 cum
583 2156 681 2216 codice
706 2155 739 2214 S:
768 2175 827 2232 qua
849 2175 882 2214 re
909 2157 1023 2214 factum
1051 2159 1108 2231 est,
1135 2159 1170 2214 ut

159 2247 202 2305 ed.
222 2267 250 2322 p.
265 2247 317 2319 48,
329 2247 417 2321 dsqq.
436 2245 582 2322 legantur.
618 2245 665 2304 HI
681 2245 775 2303 51111
791 2245 984 2304 inveniuntur
998 2245 1040 2302 ed.
1055 2264 1084 2319 p.
1097 2247 1170 2318 181,

160 2337 262 2410 6sqq,
284 2337 320 2392 ut
343 2353 418 2409 quae
441 2334 502 2392 sint
521 2353 536 2391 1
553 2333 629 2392 libro
650 2335 685 2392 de
705 2333 828 2393 ostentis
847 2333 951 2409 petita,
975 2352 1041 2391 cum
1060 2333 1107 2390 ΙΠ
1128 2334 1167 2390 53

156 2424 300 2482 hocloco
323 2423 399 2481 nihil
426 2423 465 2480 ad
486 2442 540 2482 nos
563 2423 742 2499 pertineant,
768 2423 877 2497 quippe
902 2440 977 2498 quae
1000 2440 1060 2479 non
1084 2442 1099 2480 e
1123 2441 1169 2480 co-

159 2511 272 2571 dicibus
293 2512 329 2586 Y,
352 2511 403 2570 sed
427 2531 442 2569 e
466 2512 564 2571 codice
587 2511 751 2570 Barberino
774 2510 900 2569 oriunda
924 2510 991 2569 sint.

228 2599 366 2659 Ceterum
388 2619 507 2659 monere
525 2601 623 2676 liceat,
645 2599 692 2658 HI
710 2602 761 2657 44.
781 2598 876 2657 45111
894 2591 937 2680 (p.
953 2600 1004 2672 48,
1020 2602 1038 2659 6
1054 2592 1113 2681 ed.)
1132 2619 1170 2658 ne

157 2689 189 2747 in
212 2689 361 2748 codicibus
381 2689 500 2764 quidem
518 2708 570 2748 suo
589 2689 655 2748 loco
674 2688 799 2764 scriptas
819 2707 889 2764 esse,
913 2689 964 2747 sed
983 2693 1083 2748 extare
1101 2691 1171 2765 post

158 2775 270 2858 ἄρρητα
297 2777 370 2855 ῥητά
396 2779 428 2835 in
454 2778 512 2836 fine
538 2778 608 2836 libri
636 2778 766 2836 alterius
816 2779 970 2852 praeterea
999 2781 1112 2853 autem,
1138 2778 1170 2835 id

159 2867 240 2942 quod
264 2886 279 2924 e
302 2867 451 2942 piioribus
476 2866 654 2926 editionibus
678 2867 851 2925 concludere
874 2886 934 2926 non
956 2867 1073 2944 licebat,
1101 2870 1170 2943 post

159 2951 308 3032 διαμένειν
331 2951 445 3032 πέφυκε
468 2948 756 3038 (1115111111)
779 2955 876 3014 brevis
899 2956 948 3014 hie
966 2958 997 3015 in
1022 2956 1169 3016 codicibus

160 3042 309 3103 OEFGN
332 3045 465 3118 sequitur
487 3047 646 3103 tractatus:

228 3130 272 3192 ὅτι
297 3132 485 3214 ἰαννουάριος
507 3132 619 3214 εἴρηται
642 3130 699 3204 ἀπὸ
722 3140 775 3192 τοῦ
799 3131 885 3192 ἰανοῦ
909 3138 983 3194 θεοῦ
1003 3147 1095 3204 τινος·
1119 3152 1170 3208 φε-

159 3221 318 3302 βρουάριος
333 3266 851 3282 ........................
868 3221 987 3302 μάρτιος
1023 3219 1080 3280 ἀπὸ
1117 3227 1170 3279 τοῦ

159 3307 264 3390 diosus·
290 3310 398 3391 μάρτεμ
420 3311 475 3391 γάρ
499 3326 590 3388 φασιν
613 3309 665 3370 τὸν
683 3307 771 3390 ἅρην·
797 3307 946 3371 ἀνάκειται
965 3302 1019 3370 οὖν
1039 3317 1079 3368 τῶ
1098 3305 1169 3389 dcet.

159 3396 309 3479 ἆπρίλλιος
339 3395 371 3458 δὲ
401 3397 491 3459 οἱονεὶ
519 3397 677 3480 ἀπερίλιος·
709 3396 826 3480 duculos
853 3398 907 3480 γὰρ
935 3399 966 3460 τὸ
994 3396 1122 3471 ἀνοῖξαι·
1154 3394 1170 3458 ὁ

158 3485 324 3560 consonate
346 3496 400 3548 τοῦ
422 3486 520 3565 ἔαρος·
543 3486 693 3549 ἀνάκειται
711 3483 743 3546 δὲ
761 3497 796 3567 τῇ
816 3485 968 3567 ἀφροδίτη.
1007 3486 1092 3565 μᾶῖος
1110 3484 1170 3546 ἀπὸ

158 3585 211 3636 τοῦ
235 3577 359 3654 μαῖάδος
382 3574 486 3657 leuco,
510 3568 532 3636 ὦ
555 3575 605 3636 καὶ
628 3574 785 3654 ἀνάκειται,
812 3573 852 3647 ὡς
875 3575 917 3647 εἰς
939 3574 1027 3654 τιμὴν
1049 3585 1101 3655 τῆς
1123 3596 1170 3656 γε·
1272 3570 1276 3582 “

160 3666 281 3746 dovotus
303 3663 448 3737 τεθέντος.
494 3665 607 3737 cosmoe
630 3662 662 3724 δὲ
685 3663 802 3736 εἰκότως
826 3662 842 3724 ὁ
865 3664 934 3742 μετὰ
953 3665 1004 3726 τὸν
1023 3664 1064 3738 εἰς
1082 3663 1171 3743 τιμὴν
