<?xml version="1.0" encoding="UTF-8"?>
<!DOCTYPE html PUBLIC "-//W3C//DTD XHTML 1.0 Transitional//EN"
    "http://www.w3.org/TR/xhtml1/DTD/xhtml1-transitional.dtd">
<html xmlns="http://www.w3.org/1999/xhtml" xml:lang="en" lang="en">
 <head>
  <title>
</title>
<meta http-equiv="Content-Type" content="text/html;charset=utf-8" />
  <meta name='ocr-system' content='tesseract 3.04.00' />
  <meta name='ocr-capabilities' content='ocr_page ocr_carea ocr_par ocr_line ocrx_word'/>
</head>
<body>
  <div class='ocr_page' id='page_1' title='image "./ioannislaurenti02wuengoog_0213.png"; bbox 0 0 2760 4234; ppageno 0'>
   <div class='ocr_carea' id='block_1_1' title="bbox 222 241 966 326">
    <p class='ocr_par' dir='ltr' id='par_1_1' title="bbox 222 241 966 326">
     <span class='ocr_line' id='line_1_1' title="bbox 222 241 966 326; baseline -0.017 -19"><span class='ocrx_word' id='word_1_1' title='bbox 222 244 284 307; x_wconf 78' lang='grc'><strong><em>112</em></strong></span> <span class='ocrx_word' id='word_1_2' title='bbox 475 242 583 295; x_wconf 82' lang='lat' dir='ltr'>LIBER</span> <span class='ocrx_word' id='word_1_3' title='bbox 601 241 776 326; x_wconf 66' lang='lat' dir='ltr'><strong>QUARTUS.</strong></span> <span class='ocrx_word' id='word_1_4' title='bbox 805 241 966 296; x_wconf 85' lang='lat' dir='ltr'><strong>MARTIUS</strong></span> 
     </span>
    </p>
   </div>
   <div class='ocr_carea' id='block_1_2' title="bbox 127 403 1332 2190">
    <p class='ocr_par' dir='ltr' id='par_1_2' title="bbox 128 403 1290 596">
     <span class='ocr_line' id='line_1_2' title="bbox 128 403 1290 490; baseline -0.001 -20"><span class='ocrx_word' id='word_1_5' title='bbox 128 416 208 471; x_wconf 82' lang='lat' dir='ltr'><strong><em>XYS</em></strong></span> <span class='ocrx_word' id='word_1_6' title='bbox 222 404 277 470; x_wconf 89' lang='grc' dir='ltr'><strong><em>καί</em></strong></span> <span class='ocrx_word' id='word_1_7' title='bbox 295 411 487 488; x_wconf 76' lang='grc' dir='ltr'><strong><em>γλαυκῶπιν</em></strong></span> <span class='ocrx_word' id='word_1_8' title='bbox 505 404 610 487; x_wconf 79' lang='grc' dir='ltr'><strong><em>αὐτὴν</em></strong></span> <span class='ocrx_word' id='word_1_9' title='bbox 623 406 679 469; x_wconf 92' lang='grc' dir='ltr'><strong><em>διδι</em></strong></span> <span class='ocrx_word' id='word_1_10' title='bbox 692 406 730 469; x_wconf 91' lang='grc' dir='ltr'><strong><em>τὸ</em></strong></span> <span class='ocrx_word' id='word_1_11' title='bbox 743 406 894 490; x_wconf 89' lang='grc' dir='ltr'><strong><em>πυρῶδες</em></strong></span> <span class='ocrx_word' id='word_1_12' title='bbox 908 405 1075 490; x_wconf 85' lang='grc' dir='ltr'><strong><em>γράφουσι</em></strong></span> <span class='ocrx_word' id='word_1_13' title='bbox 1088 403 1142 468; x_wconf 91' lang='grc' dir='ltr'><strong><em>καί</em></strong></span> <span class='ocrx_word' id='word_1_14' title='bbox 1157 414 1290 469; x_wconf 84' lang='lat' dir='ltr'>RrIII30</span> 
     </span>
     <span class='ocr_line' id='line_1_3' title="bbox 220 509 1230 596; baseline 0 -20"><span class='ocrx_word' id='word_1_15' title='bbox 220 518 346 595; x_wconf 85' lang='grc' dir='ltr'><strong><em>γλαῦκα</em></strong></span> <span class='ocrx_word' id='word_1_16' title='bbox 369 511 450 596; x_wconf 75' lang='grc' dir='ltr'><strong><em>αὐτῇ</em></strong></span> <span class='ocrx_word' id='word_1_17' title='bbox 474 513 510 576; x_wconf 92' lang='grc' dir='ltr'><strong><em>τὸ</em></strong></span> <span class='ocrx_word' id='word_1_18' title='bbox 534 513 653 596; x_wconf 81' lang='grc' dir='ltr'><strong><em>ὄρνεον</em></strong></span> <span class='ocrx_word' id='word_1_19' title='bbox 677 514 937 595; x_wconf 83' lang='grc' dir='ltr'><strong><em>προσνέμουσιν,</em></strong></span> <span class='ocrx_word' id='word_1_20' title='bbox 966 511 1045 596; x_wconf 79' lang='grc' dir='ltr'><strong><em>ὅπερ</em></strong></span> <span class='ocrx_word' id='word_1_21' title='bbox 1070 509 1230 596; x_wconf 68' lang='grc' dir='ltr'><strong><em>ἐγρήγορε</em></strong></span> 
     </span>
    </p>

    <p class='ocr_par' dir='ltr' id='par_1_3' title="bbox 186 616 1229 810">
     <span class='ocr_line' id='line_1_4' title="bbox 186 616 1229 703; baseline -0.001 -21"><span class='ocrx_word' id='word_1_22' title='bbox 186 620 274 684; x_wconf 70' lang='grc' dir='ltr'><strong><em>Βδιδι</em></strong></span> <span class='ocrx_word' id='word_1_23' title='bbox 296 619 402 700; x_wconf 90' lang='grc' dir='ltr'><strong><em>πάσης</em></strong></span> <span class='ocrx_word' id='word_1_24' title='bbox 424 627 481 700; x_wconf 77' lang='grc' dir='ltr'><strong><em>τῆς</em></strong></span> <span class='ocrx_word' id='word_1_25' title='bbox 503 620 636 701; x_wconf 82' lang='grc' dir='ltr'><strong><em>νυκτός,</em></strong></span> <span class='ocrx_word' id='word_1_26' title='bbox 659 618 703 694; x_wconf 86' lang='grc' dir='ltr'><strong><em>ῶς</em></strong></span> <span class='ocrx_word' id='word_1_27' title='bbox 726 619 769 682; x_wconf 84' lang='grc' dir='ltr'><strong><em>ἀν</em></strong></span> <span class='ocrx_word' id='word_1_28' title='bbox 789 641 840 693; x_wconf 93' lang='grc' dir='ltr'><strong><em>τις</em></strong></span> <span class='ocrx_word' id='word_1_29' title='bbox 862 623 960 700; x_wconf 84' lang='grc' dir='ltr'><strong><em>είποι,</em></strong></span> <span class='ocrx_word' id='word_1_30' title='bbox 987 616 1008 700; x_wconf 77' lang='grc' dir='ltr'><strong><em>η</em></strong></span> <span class='ocrx_word' id='word_1_31' title='bbox 1031 616 1229 703; x_wconf 74' lang='grc' dir='ltr'><strong><em>ἀνθρωπίνη</em></strong></span> 
     </span>
     <span class='ocr_line' id='line_1_5' title="bbox 219 721 1228 810; baseline 0 -22"><span class='ocrx_word' id='word_1_32' title='bbox 219 725 308 808; x_wconf 77' lang='grc' dir='ltr'><strong><em>ψυχὴ</em></strong></span> <span class='ocrx_word' id='word_1_33' title='bbox 331 725 413 789; x_wconf 85' lang='grc' dir='ltr'><strong><em>κατδ</em></strong></span> <span class='ocrx_word' id='word_1_34' title='bbox 434 722 560 808; x_wconf 90' lang='grc' dir='ltr'><strong><em>μηδένα</em></strong></span> <span class='ocrx_word' id='word_1_35' title='bbox 582 724 700 808; x_wconf 89' lang='grc' dir='ltr'><strong><em>καιρὸν</em></strong></span> <span class='ocrx_word' id='word_1_36' title='bbox 720 723 882 810; x_wconf 85' lang='grc' dir='ltr'><strong><em>ἀργοῦσα·</em></strong></span> <span class='ocrx_word' id='word_1_37' title='bbox 905 721 959 788; x_wconf 90' lang='grc' dir='ltr'><strong><em>καί</em></strong></span> <span class='ocrx_word' id='word_1_38' title='bbox 978 725 1042 809; x_wconf 83' lang='grc' dir='ltr'><strong><em>γάρ</em></strong></span> <span class='ocrx_word' id='word_1_39' title='bbox 1060 723 1228 800; x_wconf 89' lang='grc' dir='ltr'><strong><em>ἀθάνατος</em></strong></span> 
     </span>
    </p>

    <p class='ocr_par' dir='ltr' id='par_1_4' title="bbox 127 827 1229 1020">
     <span class='ocr_line' id='line_1_6' title="bbox 127 827 1229 914; baseline -0.001 -19"><span class='ocrx_word' id='word_1_40' title='bbox 127 840 206 895; x_wconf 81' lang='lat' dir='ltr'><strong><em>XYS</em></strong></span> <span class='ocrx_word' id='word_1_41' title='bbox 219 827 274 894; x_wconf 89' lang='grc' dir='ltr'><strong><em>καί</em></strong></span> <span class='ocrx_word' id='word_1_42' title='bbox 298 829 482 913; x_wconf 80' lang='grc' dir='ltr'><strong><em>ἀεικίνητος</em></strong></span> <span class='ocrx_word' id='word_1_43' title='bbox 504 831 565 913; x_wconf 79' lang='grc' dir='ltr'><strong><em>τὴν</em></strong></span> <span class='ocrx_word' id='word_1_44' title='bbox 592 831 708 913; x_wconf 82' lang='grc' dir='ltr'><strong><em>φύσιν·</em></strong></span> <span class='ocrx_word' id='word_1_45' title='bbox 736 831 773 894; x_wconf 93' lang='grc' dir='ltr'><strong><em>τὸ</em></strong></span> <span class='ocrx_word' id='word_1_46' title='bbox 797 831 860 914; x_wconf 85' lang='grc' dir='ltr'><strong><em>γάρ</em></strong></span> <span class='ocrx_word' id='word_1_47' title='bbox 884 835 1016 895; x_wconf 86' lang='grc' dir='ltr'><strong><em>παῦλαν</em></strong></span> <span class='ocrx_word' id='word_1_48' title='bbox 1038 832 1115 914; x_wconf 81' lang='grc' dir='ltr'><strong><em>ἔχον</em></strong></span> <span class='ocrx_word' id='word_1_49' title='bbox 1137 833 1229 913; x_wconf 76' lang='grc' dir='ltr'><strong><em>κινή·</em></strong></span> 
     </span>
     <span class='ocr_line' id='line_1_7' title="bbox 193 937 946 1020; baseline -0.004 -17"><span class='ocrx_word' id='word_1_50' title='bbox 193 953 301 1012; x_wconf 86' lang='grc' dir='ltr'><strong><em>εσεως</em></strong></span> <span class='ocrx_word' id='word_1_51' title='bbox 323 941 455 1000; x_wconf 83' lang='grc' dir='ltr'><strong><em>παῦλαν</em></strong></span> <span class='ocrx_word' id='word_1_52' title='bbox 478 939 543 1020; x_wconf 82' lang='grc' dir='ltr'><strong><em>ἔχει</em></strong></span> <span class='ocrx_word' id='word_1_53' title='bbox 566 939 647 1018; x_wconf 77' lang='grc' dir='ltr'><strong><em>ζωῆς</em></strong></span> <span class='ocrx_word' id='word_1_54' title='bbox 669 937 751 1000; x_wconf 85' lang='grc' dir='ltr'><strong><em>κατδ</em></strong></span> <span class='ocrx_word' id='word_1_55' title='bbox 773 937 946 1002; x_wconf 88' lang='grc' dir='ltr'><strong><em>Πλάτωνα.</em></strong></span> 
     </span>
    </p>

    <p class='ocr_par' dir='ltr' id='par_1_5' title="bbox 185 1040 1332 1339">
     <span class='ocr_line' id='line_1_8' title="bbox 185 1040 1288 1127; baseline -0.004 -19"><span class='ocrx_word' id='word_1_56' title='bbox 185 1054 203 1108; x_wconf 83' lang='lat' dir='ltr'>S</span> <span class='ocrx_word' id='word_1_57' title='bbox 284 1041 336 1107; x_wconf 82' lang='lat'><strong><em>55.</em></strong></span> <span class='ocrx_word' id='word_1_58' title='bbox 350 1040 422 1106; x_wconf 68' lang='grc' dir='ltr'><strong><em>’Ότι</em></strong></span> <span class='ocrx_word' id='word_1_59' title='bbox 431 1043 513 1107; x_wconf 86' lang='grc' dir='ltr'><strong><em>κατά</em></strong></span> <span class='ocrx_word' id='word_1_60' title='bbox 526 1042 587 1124; x_wconf 79' lang='grc' dir='ltr'><strong><em>την</em></strong></span> <span class='ocrx_word' id='word_1_61' title='bbox 600 1043 663 1127; x_wconf 88' lang='grc' dir='ltr'><strong><em>πρὸ</em></strong></span> <span class='ocrx_word' id='word_1_62' title='bbox 676 1043 968 1127; x_wconf 74' lang='grc' dir='ltr'><strong><em>τεσσαρεσκαίδεκα</em></strong></span> <span class='ocrx_word' id='word_1_63' title='bbox 981 1044 1151 1107; x_wconf 88' lang='grc' dir='ltr'><strong><em>καλενδῶν</em></strong></span> <span class='ocrx_word' id='word_1_64' title='bbox 1160 1053 1288 1108; x_wconf 75' lang='lat' dir='ltr'><strong>deesth</strong></span> 
     </span>
     <span class='ocr_line' id='line_1_9' title="bbox 213 1144 1228 1235; baseline 0.001 -21"><span class='ocrx_word' id='word_1_65' title='bbox 213 1147 393 1235; x_wconf 90' lang='grc' dir='ltr'><strong><em>Ἀπριλίων</em></strong></span> <span class='ocrx_word' id='word_1_66' title='bbox 416 1151 495 1225; x_wconf 82' lang='grc' dir='ltr'><strong><em>ἔθος</em></strong></span> <span class='ocrx_word' id='word_1_67' title='bbox 517 1144 559 1232; x_wconf 76' lang='grc' dir='ltr'><strong><em>ἦν</em></strong></span> <span class='ocrx_word' id='word_1_68' title='bbox 582 1151 659 1224; x_wconf 89' lang='grc' dir='ltr'><strong><em>τοὺς</em></strong></span> <span class='ocrx_word' id='word_1_69' title='bbox 682 1151 829 1224; x_wconf 89' lang='grc' dir='ltr'><strong><em>Σαλίους</em></strong></span> <span class='ocrx_word' id='word_1_70' title='bbox 852 1147 1074 1214; x_wconf 88' lang='grc' dir='ltr'><strong><em>ἀποτίθεσθαι</em></strong></span> <span class='ocrx_word' id='word_1_71' title='bbox 1096 1151 1136 1214; x_wconf 83' lang='grc' dir='ltr'><strong><em>τά</em></strong></span> <span class='ocrx_word' id='word_1_72' title='bbox 1159 1151 1228 1215; x_wconf 94' lang='grc' dir='ltr'><strong><em>διο-</em></strong></span> 
     </span>
     <span class='ocr_line' id='line_1_10' title="bbox 219 1254 1332 1339; baseline 0 -18"><span class='ocrx_word' id='word_1_73' title='bbox 219 1265 298 1339; x_wconf 78' lang='grc' dir='ltr'><strong><em>πετῆ</em></strong></span> <span class='ocrx_word' id='word_1_74' title='bbox 323 1256 422 1339; x_wconf 83' lang='grc' dir='ltr'><strong><em>ὅπλα,</em></strong></span> <span class='ocrx_word' id='word_1_75' title='bbox 449 1256 547 1320; x_wconf 87' lang='grc' dir='ltr'><strong><em>άτινα</em></strong></span> <span class='ocrx_word' id='word_1_76' title='bbox 569 1254 710 1320; x_wconf 79' lang='grc' dir='ltr'><strong><em>ἐκάλουν</em></strong></span> <span class='ocrx_word' id='word_1_77' title='bbox 732 1255 878 1338; x_wconf 82' lang='grc' dir='ltr'><strong><em>ἀγκίλια,</em></strong></span> <span class='ocrx_word' id='word_1_78' title='bbox 906 1254 964 1330; x_wconf 85' lang='grc' dir='ltr'><strong><em>οὓς</em></strong></span> <span class='ocrx_word' id='word_1_79' title='bbox 991 1255 1186 1339; x_wconf 85' lang='grc' dir='ltr'><strong><em>κατέστησεν</em></strong></span> <span class='ocrx_word' id='word_1_80' title='bbox 1209 1255 1227 1320; x_wconf 89' lang='grc' dir='ltr'><strong><em>δ</em></strong></span> <span class='ocrx_word' id='word_1_81' title='bbox 1331 1327 1332 1330; x_wconf 11' lang='lat'>¹</span> 
     </span>
    </p>

    <p class='ocr_par' dir='ltr' id='par_1_6' title="bbox 181 1357 1231 1764">
     <span class='ocr_line' id='line_1_11' title="bbox 181 1357 1227 1446; baseline -0.002 -18"><span class='ocrx_word' id='word_1_82' title='bbox 181 1389 207 1428; x_wconf 80' lang='grc' dir='ltr'><strong><em>ιο</em></strong></span> <span class='ocrx_word' id='word_1_83' title='bbox 221 1367 367 1445; x_wconf 86' lang='grc' dir='ltr'><strong><em>Νουμᾶς.</em></strong></span> <span class='ocrx_word' id='word_1_84' title='bbox 412 1371 515 1426; x_wconf 87' lang='grc' dir='ltr'><strong><em>ταῦτα</em></strong></span> <span class='ocrx_word' id='word_1_85' title='bbox 537 1357 574 1425; x_wconf 72' lang='grc' dir='ltr'><strong><em>δὲ</em></strong></span> <span class='ocrx_word' id='word_1_86' title='bbox 600 1363 646 1437; x_wconf 90' lang='grc' dir='ltr'><strong><em>εἰς</em></strong></span> <span class='ocrx_word' id='word_1_87' title='bbox 668 1362 766 1444; x_wconf 82' lang='grc' dir='ltr'><strong><em>τιμην</em></strong></span> <span class='ocrx_word' id='word_1_88' title='bbox 782 1360 899 1446; x_wconf 74' lang='grc' dir='ltr'><strong><em>’Ἀρεος</em></strong></span> <span class='ocrx_word' id='word_1_89' title='bbox 921 1366 1100 1445; x_wconf 81' lang='grc' dir='ltr'><strong><em>πολεμικοῦ</em></strong></span> <span class='ocrx_word' id='word_1_90' title='bbox 1123 1363 1227 1445; x_wconf 83' lang='grc' dir='ltr'><strong><em>εἰάθη</em></strong></span> 
     </span>
     <span class='ocr_line' id='line_1_12' title="bbox 218 1458 1231 1554; baseline -0.002 -20"><span class='ocrx_word' id='word_1_91' title='bbox 218 1475 386 1534; x_wconf 82' lang='grc' dir='ltr'><strong><em>κινεῖσθαι</em></strong></span> <span class='ocrx_word' id='word_1_92' title='bbox 409 1468 446 1532; x_wconf 87' lang='grc' dir='ltr'><strong><em>ἐν</em></strong></span> <span class='ocrx_word' id='word_1_93' title='bbox 469 1467 576 1553; x_wconf 86' lang='grc' dir='ltr'><strong><em>ἐκείνη</em></strong></span> <span class='ocrx_word' id='word_1_94' title='bbox 600 1477 638 1553; x_wconf 75' lang='grc' dir='ltr'><strong><em>τῇ</em></strong></span> <span class='ocrx_word' id='word_1_95' title='bbox 662 1466 776 1554; x_wconf 81' lang='grc' dir='ltr'><strong><em>ἡμέρᾳ,</em></strong></span> <span class='ocrx_word' id='word_1_96' title='bbox 799 1466 836 1532; x_wconf 93' lang='grc' dir='ltr'><strong><em>έν</em></strong></span> <span class='ocrx_word' id='word_1_97' title='bbox 858 1458 879 1554; x_wconf 80' lang='grc' dir='ltr'><strong><em>ᾖ</em></strong></span> <span class='ocrx_word' id='word_1_98' title='bbox 902 1465 1030 1549; x_wconf 89' lang='grc' dir='ltr'><strong><em>λέγεται</em></strong></span> <span class='ocrx_word' id='word_1_99' title='bbox 1051 1469 1168 1551; x_wconf 82' lang='grc' dir='ltr'><strong><em>φωνὴν</em></strong></span> <span class='ocrx_word' id='word_1_100' title='bbox 1192 1458 1231 1532; x_wconf 85' lang='grc' dir='ltr'><strong><em>ἐκ</em></strong></span> 
     </span>
     <span class='ocr_line' id='line_1_13' title="bbox 219 1573 1227 1661; baseline -0.001 -22"><span class='ocrx_word' id='word_1_101' title='bbox 219 1585 280 1642; x_wconf 84' lang='grc' dir='ltr'><strong><em>τοῦ</em></strong></span> <span class='ocrx_word' id='word_1_102' title='bbox 303 1575 449 1661; x_wconf 87' lang='grc' dir='ltr'><strong><em>οὐρανοῦ</em></strong></span> <span class='ocrx_word' id='word_1_103' title='bbox 472 1574 679 1656; x_wconf 74' lang='grc' dir='ltr'><strong><em>ἀκουσθῆναι</em></strong></span> <span class='ocrx_word' id='word_1_104' title='bbox 698 1573 871 1657; x_wconf 78' lang='grc' dir='ltr'><strong><em>λέγουσαν,</em></strong></span> <span class='ocrx_word' id='word_1_105' title='bbox 894 1573 955 1650; x_wconf 79' lang='grc' dir='ltr'><strong><em>ἕως</em></strong></span> <span class='ocrx_word' id='word_1_106' title='bbox 972 1576 1046 1640; x_wconf 87' lang='grc' dir='ltr'><strong><em>τότε</em></strong></span> <span class='ocrx_word' id='word_1_107' title='bbox 1065 1575 1227 1653; x_wconf 80' lang='grc' dir='ltr'><strong><em>σώζεσθαι</em></strong></span> 
     </span>
     <span class='ocr_line' id='line_1_14' title="bbox 219 1679 945 1764; baseline -0.004 -17"><span class='ocrx_word' id='word_1_108' title='bbox 219 1683 281 1764; x_wconf 81' lang='grc' dir='ltr'><strong><em>τὴν</em></strong></span> <span class='ocrx_word' id='word_1_109' title='bbox 303 1684 412 1764; x_wconf 82' lang='grc' dir='ltr'><strong><em>πόλιν,</em></strong></span> <span class='ocrx_word' id='word_1_110' title='bbox 435 1679 495 1757; x_wconf 79' lang='grc' dir='ltr'><strong><em>ἕως</em></strong></span> <span class='ocrx_word' id='word_1_111' title='bbox 518 1679 560 1745; x_wconf 82' lang='grc' dir='ltr'><strong><em>δν</em></strong></span> <span class='ocrx_word' id='word_1_112' title='bbox 583 1681 721 1764; x_wconf 82' lang='grc' dir='ltr'><strong><em>σώζηται</em></strong></span> <span class='ocrx_word' id='word_1_113' title='bbox 743 1682 783 1744; x_wconf 88' lang='grc' dir='ltr'><strong><em>τδι</em></strong></span> <span class='ocrx_word' id='word_1_114' title='bbox 806 1679 945 1763; x_wconf 90' lang='grc' dir='ltr'><strong><em>ἀγκίλια.</em></strong></span> 
     </span>
    </p>

    <p class='ocr_par' dir='ltr' id='par_1_7' title="bbox 179 1785 1280 1873">
     <span class='ocr_line' id='line_1_15' title="bbox 179 1785 1280 1873; baseline 0.002 -23"><span class='ocrx_word' id='word_1_115' title='bbox 179 1798 205 1850; x_wconf 91' lang='lat' dir='ltr'>Y</span> <span class='ocrx_word' id='word_1_116' title='bbox 285 1786 336 1851; x_wconf 81' lang='lat'><strong><em>56.</em></strong></span> <span class='ocrx_word' id='word_1_117' title='bbox 347 1785 417 1851; x_wconf 83' lang='grc' dir='ltr'><strong><em>Ὅτι</em></strong></span> <span class='ocrx_word' id='word_1_118' title='bbox 430 1785 485 1852; x_wconf 87' lang='grc' dir='ltr'><strong><em>καί</em></strong></span> <span class='ocrx_word' id='word_1_119' title='bbox 500 1786 537 1851; x_wconf 90' lang='grc' dir='ltr'><strong><em>έν</em></strong></span> <span class='ocrx_word' id='word_1_120' title='bbox 546 1786 649 1872; x_wconf 83' lang='grc' dir='ltr'><strong><em>Ῥώμη</em></strong></span> <span class='ocrx_word' id='word_1_121' title='bbox 659 1789 717 1863; x_wconf 86' lang='grc' dir='ltr'><strong><em>τάς</em></strong></span> <span class='ocrx_word' id='word_1_122' title='bbox 730 1799 797 1852; x_wconf 91' lang='grc' dir='ltr'><strong><em>τῶν</em></strong></span> <span class='ocrx_word' id='word_1_123' title='bbox 805 1793 951 1852; x_wconf 90' lang='grc' dir='ltr'><strong><em>πολιτῶν</em></strong></span> <span class='ocrx_word' id='word_1_124' title='bbox 960 1787 1149 1873; x_wconf 83' lang='grc' dir='ltr'><strong><em>ἁμαρτάδας</em></strong></span> <span class='ocrx_word' id='word_1_125' title='bbox 1157 1798 1280 1852; x_wconf 82' lang='lat' dir='ltr'>RrIII31</span> 
     </span>
    </p>

    <p class='ocr_par' dir='ltr' id='par_1_8' title="bbox 181 1891 1227 2190">
     <span class='ocr_line' id='line_1_16' title="bbox 181 1891 1227 1977; baseline 0 -19"><span class='ocrx_word' id='word_1_126' title='bbox 181 1919 207 1959; x_wconf 83' lang='lat'><strong><em>15</em></strong></span> <span class='ocrx_word' id='word_1_127' title='bbox 222 1892 274 1957; x_wconf 80' lang='grc' dir='ltr'><strong><em>ἐπὶ</em></strong></span> <span class='ocrx_word' id='word_1_128' title='bbox 302 1892 435 1976; x_wconf 81' lang='grc' dir='ltr'><strong><em>ἁμαξῶν</em></strong></span> <span class='ocrx_word' id='word_1_129' title='bbox 464 1892 631 1973; x_wconf 82' lang='grc' dir='ltr'><strong><em>διέπαιζον</em></strong></span> <span class='ocrx_word' id='word_1_130' title='bbox 657 1891 712 1957; x_wconf 89' lang='grc' dir='ltr'><strong><em>καί</em></strong></span> <span class='ocrx_word' id='word_1_131' title='bbox 743 1894 975 1970; x_wconf 87' lang='grc' dir='ltr'><strong><em>λανθανούσας</em></strong></span> <span class='ocrx_word' id='word_1_132' title='bbox 999 1892 1116 1977; x_wconf 76' lang='grc' dir='ltr'><strong><em>ἐξῆγον</em></strong></span> <span class='ocrx_word' id='word_1_133' title='bbox 1145 1895 1227 1958; x_wconf 81' lang='grc' dir='ltr'><strong><em>κατὰ</em></strong></span> 
     </span>
     <span class='ocr_line' id='line_1_17' title="bbox 219 1997 1227 2084; baseline 0.001 -21"><span class='ocrx_word' id='word_1_134' title='bbox 219 2000 280 2082; x_wconf 79' lang='grc' dir='ltr'><strong><em>τὴν</em></strong></span> <span class='ocrx_word' id='word_1_135' title='bbox 296 1997 484 2083; x_wconf 87' lang='grc' dir='ltr'><strong><em>Ἀθηναίων</em></strong></span> <span class='ocrx_word' id='word_1_136' title='bbox 507 2002 700 2083; x_wconf 80' lang='grc' dir='ltr'><strong><em>συνήθειαν,</em></strong></span> <span class='ocrx_word' id='word_1_137' title='bbox 724 2003 759 2064; x_wconf 81' lang='grc' dir='ltr'><strong><em>οἳ</em></strong></span> <span class='ocrx_word' id='word_1_138' title='bbox 779 2010 848 2076; x_wconf 80' lang='grc' dir='ltr'><strong><em>τοῖς</em></strong></span> <span class='ocrx_word' id='word_1_139' title='bbox 871 2000 1118 2084; x_wconf 82' lang='grc' dir='ltr'><strong><em>ἁμαρτάνουσιν</em></strong></span> <span class='ocrx_word' id='word_1_140' title='bbox 1136 2001 1227 2083; x_wconf 81' lang='grc' dir='ltr'><strong><em>ἠπεί-</em></strong></span> 
     </span>
     <span class='ocr_line' id='line_1_18' title="bbox 220 2104 705 2190; baseline 0 -20"><span class='ocrx_word' id='word_1_141' title='bbox 220 2111 303 2170; x_wconf 92' lang='grc' dir='ltr'><strong><em>λουν</em></strong></span> <span class='ocrx_word' id='word_1_142' title='bbox 326 2104 435 2188; x_wconf 91' lang='grc' dir='ltr'><strong><em>λέγειν</em></strong></span> <span class='ocrx_word' id='word_1_143' title='bbox 456 2107 496 2170; x_wconf 90' lang='grc' dir='ltr'><strong><em>τδι</em></strong></span> <span class='ocrx_word' id='word_1_144' title='bbox 520 2104 551 2183; x_wconf 84' lang='grc' dir='ltr'><strong><em>ἐξ</em></strong></span> <span class='ocrx_word' id='word_1_145' title='bbox 576 2105 705 2190; x_wconf 83' lang='grc' dir='ltr'><strong><em>ἁμάξης.</em></strong></span> 
     </span>
    </p>
   </div>
   <div class='ocr_carea' id='block_1_3' title="bbox 180 2210 1279 2934">
    <p class='ocr_par' dir='ltr' id='par_1_9' title="bbox 180 2210 1279 2404">
     <span class='ocr_line' id='line_1_19' title="bbox 180 2210 1279 2298; baseline 0.002 -22"><span class='ocrx_word' id='word_1_146' title='bbox 180 2223 207 2276; x_wconf 83' lang='grc' dir='ltr'>Χ</span> <span class='ocrx_word' id='word_1_147' title='bbox 286 2211 337 2276; x_wconf 80' lang='lat'><strong><em>57.</em></strong></span> <span class='ocrx_word' id='word_1_148' title='bbox 357 2213 431 2297; x_wconf 87' lang='grc' dir='ltr'><strong><em>Πρὸ</em></strong></span> <span class='ocrx_word' id='word_1_149' title='bbox 446 2213 693 2298; x_wconf 79' lang='grc' dir='ltr'><strong><em>δεκατεσσάρων</em></strong></span> <span class='ocrx_word' id='word_1_150' title='bbox 706 2214 888 2278; x_wconf 88' lang='grc' dir='ltr'><strong><em>Καλενδῶν</em></strong></span> <span class='ocrx_word' id='word_1_151' title='bbox 901 2210 1079 2298; x_wconf 89' lang='grc' dir='ltr'><strong><em>Ἀπριλίων</em></strong></span> <span class='ocrx_word' id='word_1_152' title='bbox 1094 2210 1189 2298; x_wconf 78' lang='grc' dir='ltr'><strong><em>ἑορτὴ</em></strong></span> <span class='ocrx_word' id='word_1_153' title='bbox 1200 2223 1279 2278; x_wconf 77' lang='lat' dir='ltr'>IV40</span> 
     </span>
     <span class='ocr_line' id='line_1_20' title="bbox 219 2317 1226 2404; baseline 0.002 -22"><span class='ocrx_word' id='word_1_154' title='bbox 219 2320 308 2404; x_wconf 88' lang='grc' dir='ltr'><strong><em>παρά</em></strong></span> <span class='ocrx_word' id='word_1_155' title='bbox 321 2317 489 2402; x_wconf 88' lang='grc' dir='ltr'><strong><em>Ῥωμαίοις</em></strong></span> <span class='ocrx_word' id='word_1_156' title='bbox 512 2317 676 2403; x_wconf 82' lang='grc' dir='ltr'><strong><em>τιμωμένη</em></strong></span> <span class='ocrx_word' id='word_1_157' title='bbox 700 2319 760 2403; x_wconf 85' lang='grc' dir='ltr'><strong><em>οὐχ</em></strong></span> <span class='ocrx_word' id='word_1_158' title='bbox 779 2320 823 2395; x_wconf 83' lang='grc' dir='ltr'><strong><em>ὡς</em></strong></span> <span class='ocrx_word' id='word_1_159' title='bbox 837 2318 993 2402; x_wconf 82' lang='grc' dir='ltr'><strong><em>Ῥωμαικη</em></strong></span> <span class='ocrx_word' id='word_1_160' title='bbox 1015 2317 1085 2384; x_wconf 86' lang='grc' dir='ltr'><strong><em>ἀλλ’</em></strong></span> <span class='ocrx_word' id='word_1_161' title='bbox 1109 2320 1153 2395; x_wconf 85' lang='grc' dir='ltr'><strong><em>ῶς</em></strong></span> <span class='ocrx_word' id='word_1_162' title='bbox 1171 2343 1226 2403; x_wconf 88' lang='grc' dir='ltr'><strong><em>με-</em></strong></span> 
     </span>
    </p>

    <p class='ocr_par' dir='ltr' id='par_1_10' title="bbox 180 2423 1226 2934">
     <span class='ocr_line' id='line_1_21' title="bbox 180 2423 1226 2511; baseline -0.001 -20"><span class='ocrx_word' id='word_1_163' title='bbox 180 2453 206 2491; x_wconf 78' lang='grc' dir='ltr'><strong><em>εο</em></strong></span> <span class='ocrx_word' id='word_1_164' title='bbox 219 2429 336 2509; x_wconf 91' lang='grc' dir='ltr'><strong><em>γίστην</em></strong></span> <span class='ocrx_word' id='word_1_165' title='bbox 362 2424 437 2511; x_wconf 90' lang='grc' dir='ltr'><strong><em>παρ’</em></strong></span> <span class='ocrx_word' id='word_1_166' title='bbox 462 2427 657 2507; x_wconf 79' lang='grc' dir='ltr'><strong><em>Αἰγυπτίοις</em></strong></span> <span class='ocrx_word' id='word_1_167' title='bbox 684 2428 805 2510; x_wconf 82' lang='grc' dir='ltr'><strong><em>ἔχουσα</em></strong></span> <span class='ocrx_word' id='word_1_168' title='bbox 831 2426 930 2509; x_wconf 78' lang='grc' dir='ltr'><strong><em>τιμὴν</em></strong></span> <span class='ocrx_word' id='word_1_169' title='bbox 957 2423 999 2490; x_wconf 87' lang='grc' dir='ltr'><strong><em>δι’</em></strong></span> <span class='ocrx_word' id='word_1_170' title='bbox 1024 2427 1133 2490; x_wconf 81' lang='grc' dir='ltr'><strong><em>αἰτίαν</em></strong></span> <span class='ocrx_word' id='word_1_171' title='bbox 1160 2449 1226 2490; x_wconf 90' lang='grc' dir='ltr'><strong><em>τοι-</em></strong></span> 
     </span>
     <span class='ocr_line' id='line_1_22' title="bbox 220 2530 1226 2615; baseline 0 -20"><span class='ocrx_word' id='word_1_172' title='bbox 220 2533 336 2615; x_wconf 80' lang='grc' dir='ltr'><strong><em>αὐτην·</em></strong></span> <span class='ocrx_word' id='word_1_173' title='bbox 362 2541 422 2596; x_wconf 87' lang='grc' dir='ltr'><strong><em>τοῦ</em></strong></span> <span class='ocrx_word' id='word_1_174' title='bbox 445 2535 571 2597; x_wconf 93' lang='grc' dir='ltr'><strong><em>Νείλου</em></strong></span> <span class='ocrx_word' id='word_1_175' title='bbox 594 2533 654 2615; x_wconf 83' lang='grc' dir='ltr'><strong><em>την</em></strong></span> <span class='ocrx_word' id='word_1_176' title='bbox 678 2531 808 2615; x_wconf 78' lang='grc' dir='ltr'><strong><em>ἐτήσιον</em></strong></span> <span class='ocrx_word' id='word_1_177' title='bbox 832 2530 982 2596; x_wconf 79' lang='grc' dir='ltr'><strong><em>ἐπίδοσιν</em></strong></span> <span class='ocrx_word' id='word_1_178' title='bbox 1004 2542 1072 2596; x_wconf 91' lang='grc' dir='ltr'><strong><em>τῶν</em></strong></span> <span class='ocrx_word' id='word_1_179' title='bbox 1094 2532 1226 2596; x_wconf 85' lang='grc' dir='ltr'><strong><em>ὑδάτων</em></strong></span> 
     </span>
     <span class='ocr_line' id='line_1_23' title="bbox 220 2633 1226 2723; baseline 0.003 -23"><span class='ocrx_word' id='word_1_180' title='bbox 220 2635 427 2721; x_wconf 80' lang='grc' dir='ltr'><strong><em>ἀρνουμένου</em></strong></span> <span class='ocrx_word' id='word_1_181' title='bbox 454 2633 533 2701; x_wconf 75' lang='grc' dir='ltr'><strong><em>ποτὲ</em></strong></span> <span class='ocrx_word' id='word_1_182' title='bbox 560 2635 614 2702; x_wconf 90' lang='grc' dir='ltr'><strong><em>καί</em></strong></span> <span class='ocrx_word' id='word_1_183' title='bbox 641 2639 742 2723; x_wconf 85' lang='grc' dir='ltr'><strong><em>ταύτη</em></strong></span> <span class='ocrx_word' id='word_1_184' title='bbox 770 2649 837 2702; x_wconf 92' lang='grc' dir='ltr'><strong><em>τῶν</em></strong></span> <span class='ocrx_word' id='word_1_185' title='bbox 863 2639 1056 2719; x_wconf 79' lang='grc' dir='ltr'><strong><em>Αἰγυπτίων</em></strong></span> <span class='ocrx_word' id='word_1_186' title='bbox 1083 2637 1226 2703; x_wconf 89' lang='grc' dir='ltr'><strong><em>ἀπολλυ-</em></strong></span> 
     </span>
     <span class='ocr_line' id='line_1_24' title="bbox 219 2741 1226 2828; baseline 0.002 -21"><span class='ocrx_word' id='word_1_187' title='bbox 219 2741 339 2826; x_wconf 81' lang='grc' dir='ltr'><strong><em>μένων,</em></strong></span> <span class='ocrx_word' id='word_1_188' title='bbox 363 2744 490 2825; x_wconf 90' lang='grc' dir='ltr'><strong><em>δαίμων</em></strong></span> <span class='ocrx_word' id='word_1_189' title='bbox 507 2765 557 2818; x_wconf 90' lang='grc' dir='ltr'><strong><em>τις</em></strong></span> <span class='ocrx_word' id='word_1_190' title='bbox 580 2741 706 2825; x_wconf 90' lang='grc' dir='ltr'><strong><em>ἀγαθὸς</em></strong></span> <span class='ocrx_word' id='word_1_191' title='bbox 729 2745 776 2819; x_wconf 95' lang='grc' dir='ltr'><strong><em>εἰς</em></strong></span> <span class='ocrx_word' id='word_1_192' title='bbox 794 2745 976 2827; x_wconf 88' lang='grc' dir='ltr'><strong><em>άνθρωπον</em></strong></span> <span class='ocrx_word' id='word_1_193' title='bbox 994 2748 1122 2828; x_wconf 83' lang='grc' dir='ltr'><strong><em>φανείς,</em></strong></span> <span class='ocrx_word' id='word_1_194' title='bbox 1146 2745 1226 2809; x_wconf 84' lang='grc' dir='ltr'><strong><em>ὅλον</em></strong></span> 
     </span>
     <span class='ocr_line' id='line_1_25' title="bbox 219 2846 1226 2934; baseline 0.002 -22"><span class='ocrx_word' id='word_1_195' title='bbox 219 2850 256 2913; x_wconf 90' lang='grc' dir='ltr'><strong><em>τὸ</em></strong></span> <span class='ocrx_word' id='word_1_196' title='bbox 279 2860 371 2932; x_wconf 89' lang='grc' dir='ltr'><strong><em>σῶμα</em></strong></span> <span class='ocrx_word' id='word_1_197' title='bbox 388 2846 630 2932; x_wconf 83' lang='grc' dir='ltr'><strong><em>πεπηλωμένος,</em></strong></span> <span class='ocrx_word' id='word_1_198' title='bbox 650 2848 763 2933; x_wconf 84' lang='grc' dir='ltr'><strong><em>ἐξεβόα</em></strong></span> <span class='ocrx_word' id='word_1_199' title='bbox 781 2860 850 2925; x_wconf 80' lang='grc' dir='ltr'><strong><em>τοῖς</em></strong></span> <span class='ocrx_word' id='word_1_200' title='bbox 869 2852 1065 2933; x_wconf 82' lang='grc' dir='ltr'><strong><em>Αἰγυπτίοις</em></strong></span> <span class='ocrx_word' id='word_1_201' title='bbox 1083 2850 1226 2934; x_wconf 85' lang='grc' dir='ltr'><strong><em>ἀναβλύ-</em></strong></span> 
     </span>
    </p>
   </div>
   <div class='ocr_carea' id='block_1_4' title="bbox 290 3021 717 3092">
    <p class='ocr_par' dir='ltr' id='par_1_11' title="bbox 290 3021 717 3092">
     <span class='ocr_line' id='line_1_26' title="bbox 290 3021 717 3092; baseline 0 -16"><span class='ocrx_word' id='word_1_202' title='bbox 290 3042 314 3078; x_wconf 92' lang='lat' dir='ltr'><strong><em>v.</em></strong></span> <span class='ocrx_word' id='word_1_203' title='bbox 331 3029 345 3077; x_wconf 85' lang='grc'><strong>6</strong></span> <span class='ocrx_word' id='word_1_204' title='bbox 365 3021 437 3076; x_wconf 78' lang='grc' dir='ltr'><strong><em>Ρίεἰ.</em></strong></span> <span class='ocrx_word' id='word_1_205' title='bbox 457 3022 574 3076; x_wconf 76' lang='lat' dir='ltr'>Phaedr.</span> <span class='ocrx_word' id='word_1_206' title='bbox 593 3041 619 3092; x_wconf 92' lang='lat' dir='ltr'><strong><em>p.</em></strong></span> <span class='ocrx_word' id='word_1_207' title='bbox 635 3022 717 3076; x_wconf 75' lang='lat'>2450</span> 
     </span>
    </p>
   </div>
   <div class='ocr_carea' id='block_1_5' title="bbox 102 3179 1227 3680">
    <p class='ocr_par' dir='ltr' id='par_1_12' title="bbox 220 3179 1227 3536">
     <span class='ocr_line' id='line_1_27' title="bbox 290 3179 1227 3254; baseline 0.004 -19"><span class='ocrx_word' id='word_1_208' title='bbox 290 3201 314 3237; x_wconf 84' lang='lat' dir='ltr'><strong><em>v.</em></strong></span> <span class='ocrx_word' id='word_1_209' title='bbox 332 3189 345 3235; x_wconf 95' lang='lat'>1</span> <span class='ocrx_word' id='word_1_210' title='bbox 366 3179 408 3235; x_wconf 84' lang='grc' dir='ltr'><strong><em>δτι</em></strong></span> <span class='ocrx_word' id='word_1_211' title='bbox 426 3181 443 3250; x_wconf 81' lang='grc' dir='ltr'><strong><em>ἡ</em></strong></span> <span class='ocrx_word' id='word_1_212' title='bbox 463 3181 560 3250; x_wconf 79' lang='grc' dir='ltr'><strong><em>ἀθηνά</em></strong></span> <span class='ocrx_word' id='word_1_213' title='bbox 579 3183 618 3245; x_wconf 87' lang='grc' dir='ltr'><strong><em>εἰς</em></strong></span> <span class='ocrx_word' id='word_1_214' title='bbox 640 3182 734 3252; x_wconf 82' lang='grc' dir='ltr'><strong><em>ψυχὴν</em></strong></span> <span class='ocrx_word' id='word_1_215' title='bbox 757 3181 979 3254; x_wconf 87' lang='grc' dir='ltr'><strong><em>άλληγορουμένη</em></strong></span> <span class='ocrx_word' id='word_1_216' title='bbox 1003 3185 1050 3238; x_wconf 85' lang='grc' dir='ltr'><strong><em>καί</em></strong></span> <span class='ocrx_word' id='word_1_217' title='bbox 1070 3188 1227 3254; x_wconf 84' lang='grc' dir='ltr'><strong><em>γλαυκῶπις</em></strong></span> 
     </span>
     <span class='ocr_line' id='line_1_28' title="bbox 220 3252 1226 3325; baseline 0.002 -18"><span class='ocrx_word' id='word_1_218' title='bbox 220 3252 327 3325; x_wconf 87' lang='grc' dir='ltr'><strong><em>λέγεται</em></strong></span> <span class='ocrx_word' id='word_1_219' title='bbox 345 3252 393 3307; x_wconf 81' lang='grc' dir='ltr'><strong><em>διὰ</em></strong></span> <span class='ocrx_word' id='word_1_220' title='bbox 411 3252 442 3306; x_wconf 89' lang='grc' dir='ltr'><strong><em>τδ</em></strong></span> <span class='ocrx_word' id='word_1_221' title='bbox 461 3255 594 3320; x_wconf 89' lang='grc' dir='ltr'><strong><em>πυρῶδες.</em></strong></span> <span class='ocrx_word' id='word_1_222' title='bbox 630 3255 678 3308; x_wconf 84' lang='grc' dir='ltr'><strong><em>καί</em></strong></span> <span class='ocrx_word' id='word_1_223' title='bbox 697 3256 803 3324; x_wconf 84' lang='grc' dir='ltr'><strong><em>γλαῦκα</em></strong></span> <span class='ocrx_word' id='word_1_224' title='bbox 823 3255 892 3324; x_wconf 77' lang='grc' dir='ltr'><strong><em>αἰτίη</em></strong></span> <span class='ocrx_word' id='word_1_225' title='bbox 908 3253 1100 3322; x_wconf 75' lang='grc' dir='ltr'><strong><em>ἀνατιθέασιν,</em></strong></span> <span class='ocrx_word' id='word_1_226' title='bbox 1119 3253 1226 3324; x_wconf 78' lang='grc' dir='ltr'><strong><em>ὅτιπερ</em></strong></span> 
     </span>
     <span class='ocr_line' id='line_1_29' title="bbox 221 3323 1226 3396; baseline 0.002 -18"><span class='ocrx_word' id='word_1_227' title='bbox 221 3325 351 3396; x_wconf 80' lang='grc' dir='ltr'><strong><em>ἐγρήγορε</em></strong></span> <span class='ocrx_word' id='word_1_228' title='bbox 371 3323 419 3378; x_wconf 90' lang='grc' dir='ltr'><strong><em>διδι</em></strong></span> <span class='ocrx_word' id='word_1_229' title='bbox 437 3323 527 3392; x_wconf 88' lang='grc' dir='ltr'><strong><em>πάσης</em></strong></span> <span class='ocrx_word' id='word_1_230' title='bbox 549 3325 648 3388; x_wconf 80' lang='grc' dir='ltr'><strong><em>νυκτὸς</em></strong></span> <span class='ocrx_word' id='word_1_231' title='bbox 671 3325 757 3379; x_wconf 80' lang='grc' dir='ltr'><strong><em>οἱονεὶ</em></strong></span> <span class='ocrx_word' id='word_1_232' title='bbox 780 3323 937 3395; x_wconf 84' lang='grc' dir='ltr'><strong><em>ἀεικίνητος</em></strong></span> <span class='ocrx_word' id='word_1_233' title='bbox 960 3323 1101 3394; x_wconf 84' lang='grc' dir='ltr'><strong><em>(ἀκίνητος</em></strong></span> <span class='ocrx_word' id='word_1_234' title='bbox 1119 3327 1171 3395; x_wconf 83' lang='grc'>1))·</span> <span class='ocrx_word' id='word_1_235' title='bbox 1194 3327 1226 3380; x_wconf 89' lang='grc' dir='ltr'><strong><em>τδ</em></strong></span> 
     </span>
     <span class='ocr_line' id='line_1_30' title="bbox 221 3394 1226 3468; baseline 0.001 -19"><span class='ocrx_word' id='word_1_236' title='bbox 221 3396 272 3465; x_wconf 84' lang='grc' dir='ltr'><strong><em>γὰρ</em></strong></span> <span class='ocrx_word' id='word_1_237' title='bbox 287 3399 395 3466; x_wconf 81' lang='lat'>(5)-6</span> <span class='ocrx_word' id='word_1_238' title='bbox 410 3394 539 3450; x_wconf 88' lang='grc' dir='ltr'><strong><em>πλάτωνα</em></strong></span> <span class='ocrx_word' id='word_1_239' title='bbox 558 3396 603 3465; x_wconf 75' lang='lat' dir='ltr'><strong><em>Y}</em></strong></span> <span class='ocrx_word' id='word_1_240' title='bbox 620 3398 785 3467; x_wconf 87' lang='grc' dir='ltr'><strong><em>γλαυκάπηυ</em></strong></span> <span class='ocrx_word' id='word_1_241' title='bbox 798 3397 826 3450; x_wconf 86' lang='grc' dir='ltr'><strong><em>Α</em></strong></span> <span class='ocrx_word' id='word_1_242' title='bbox 880 3400 1034 3468; x_wconf 82' lang='grc' dir='ltr'><strong><em>2γλαῦκαν</em></strong></span> <span class='ocrx_word' id='word_1_243' title='bbox 1048 3397 1075 3449; x_wconf 89' lang='grc' dir='ltr'>Β</span> <span class='ocrx_word' id='word_1_244' title='bbox 1130 3395 1226 3466; x_wconf 74' lang='grc' dir='ltr'><strong><em>θεῖ’πη</em></strong></span> 
     </span>
     <span class='ocr_line' id='line_1_31' title="bbox 221 3465 1227 3536; baseline 0.001 -17"><span class='ocrx_word' id='word_1_245' title='bbox 221 3467 249 3535; x_wconf 81' lang='lat' dir='ltr'><strong><em>S,</em></strong></span> <span class='ocrx_word' id='word_1_246' title='bbox 268 3466 341 3520; x_wconf 85' lang='grc' dir='ltr'><strong><em>είττοι</em></strong></span> <span class='ocrx_word' id='word_1_247' title='bbox 360 3465 458 3535; x_wconf 81' lang='lat' dir='ltr'>scripsi</span> <span class='ocrx_word' id='word_1_248' title='bbox 475 3469 478 3536; x_wconf 80' lang='grc' dir='ltr'>Ι</span> <span class='ocrx_word' id='word_1_249' title='bbox 495 3466 568 3521; x_wconf 83' lang='grc' dir='ltr'><strong><em>εἴποι</em></strong></span> <span class='ocrx_word' id='word_1_250' title='bbox 582 3474 647 3521; x_wconf 84' lang='grc'><strong><em>-4</em></strong></span> <span class='ocrx_word' id='word_1_251' title='bbox 665 3467 811 3531; x_wconf 85' lang='grc' dir='ltr'><strong><em>ἀθάνατος</em></strong></span> <span class='ocrx_word' id='word_1_252' title='bbox 824 3467 901 3522; x_wconf 79' lang='lat' dir='ltr'>omis.</span> <span class='ocrx_word' id='word_1_253' title='bbox 917 3469 949 3521; x_wconf 91' lang='lat' dir='ltr'>X</span> <span class='ocrx_word' id='word_1_254' title='bbox 1018 3473 1034 3520; x_wconf 86' lang='lat'>5</span> <span class='ocrx_word' id='word_1_255' title='bbox 1054 3465 1185 3536; x_wconf 83' lang='grc' dir='ltr'><strong><em>ἀκίνητος</em></strong></span> <span class='ocrx_word' id='word_1_256' title='bbox 1199 3469 1227 3521; x_wconf 93' lang='grc' dir='ltr'><em>Β</em></span> 
     </span>
    </p>

    <p class='ocr_par' dir='ltr' id='par_1_13' title="bbox 102 3535 1226 3680">
     <span class='ocr_line' id='line_1_32' title="bbox 102 3535 1226 3612; baseline 0.005 -24"><span class='ocrx_word' id='word_1_257' title='bbox 102 3603 105 3608; x_wconf 94' lang='lat'><em>.</em></span> <span class='ocrx_word' id='word_1_258' title='bbox 222 3542 236 3588; x_wconf 76' lang='lat'>7</span> <span class='ocrx_word' id='word_1_259' title='bbox 255 3537 553 3607; x_wconf 86' lang='grc' dir='ltr'><strong><em>τεσσαρεσκαιδεκάτην</em></strong></span> <span class='ocrx_word' id='word_1_260' title='bbox 572 3539 599 3607; x_wconf 80' lang='lat' dir='ltr'><strong><em>S,</em></strong></span> <span class='ocrx_word' id='word_1_261' title='bbox 620 3537 865 3606; x_wconf 82' lang='grc' dir='ltr'><strong><em>τεσσαρεσκαίδεκα</em></strong></span> <span class='ocrx_word' id='word_1_262' title='bbox 884 3538 982 3608; x_wconf 81' lang='lat' dir='ltr'><strong>scripsi</strong></span> <span class='ocrx_word' id='word_1_263' title='bbox 1053 3543 1087 3591; x_wconf 81' lang='lat'><strong><em>23</em></strong></span> <span class='ocrx_word' id='word_1_264' title='bbox 1106 3535 1226 3612; x_wconf 83' lang='grc' dir='ltr'><strong><em>δαίμων]</em></strong></span> 
     </span>
     <span class='ocr_line' id='line_1_33' title="bbox 223 3607 829 3680; baseline 0.007 -20"><span class='ocrx_word' id='word_1_265' title='bbox 223 3607 395 3662; x_wconf 75' lang='lat' dir='ltr'><em>Claudianus</em></span> <span class='ocrx_word' id='word_1_266' title='bbox 412 3611 443 3663; x_wconf 87' lang='grc' dir='ltr'><strong><em>ι’νι</em></strong></span> <span class='ocrx_word' id='word_1_267' title='bbox 461 3611 629 3678; x_wconf 78' lang='grc' dir='ltr'><strong><em>Ειιίκομίυκι</em></strong></span> <span class='ocrx_word' id='word_1_268' title='bbox 647 3611 675 3663; x_wconf 91' lang='grc' dir='ltr'><strong><em>Β</em></strong></span> <span class='ocrx_word' id='word_1_269' title='bbox 693 3609 723 3662; x_wconf 87' lang='lat' dir='ltr'><strong><em>in</em></strong></span> <span class='ocrx_word' id='word_1_270' title='bbox 741 3628 829 3680; x_wconf 75' lang='lat' dir='ltr'><strong>marg.</strong></span> 
     </span>
    </p>
   </div>
   <div class='ocr_carea' id='block_1_6' title="bbox 0 0 1390 4234">
    <p class='ocr_par' dir='ltr' id='par_1_14' title="bbox 0 0 1390 4234">
     <span class='ocr_line' id='line_1_34' title="bbox 0 0 1390 4234; baseline 0 0"><span class='ocrx_word' id='word_1_271' title='bbox 0 0 1390 4234; x_wconf 95' lang='lat' dir='ltr'><strong><em> </em></strong></span> 
     </span>
    </p>
   </div>
  </div>
 </body>
</html>
