2790 4214
251 233 295 297 46
613 235 722 289 LIBER
740 235 892 291 TERTIUS

153 402 233 458 XYS
249 392 425 480 ἑβδομαίοις
438 397 497 473 τάς
506 398 629 474 Νάνας
643 397 834 483 ἐσήμαινον·
852 398 870 464 ὁ
885 401 948 485 γάρ
963 397 1103 483 ἕβδομος
1117 398 1261 484 ἀριθμὸς

178 499 362 565 ΧῩἩλίου
390 501 494 587 ἐστίν,
522 504 567 580 ὡς
590 507 779 591 ἔμπροσθεν
801 511 936 590 εἴρηται.
982 505 1086 588 δῆλον
1108 507 1172 592 γάρ
1199 507 1260 589 τὴν

248 602 310 689 μὲν
333 605 507 692 ἐλαχίστην
533 619 591 693 τῆς
618 613 755 694 σελήνης
781 611 940 696 περίοδον
967 617 1071 677 είκοσι
1100 609 1155 676 καὶ
1179 609 1259 677 έπτά

247 712 379 798 ἡμερῶν
409 709 495 780 εἶναι
524 714 579 781 καὶ
609 717 705 802 ὡρῶν
734 741 851 801 τινων,
881 727 943 783 τοῦ
964 714 1002 783 δὲ
1024 719 1133 803 φωτὸς
1160 716 1259 801 ἐγγὺς

213 820 436 904 ὃτριάκοντα,
473 823 518 899 ὡς
550 821 605 887 καλ
641 822 661 907 ἡ
694 819 755 907 μὲν
787 833 848 889 τοῦ
880 829 1076 908 σεληνιακοῦ
1109 825 1258 908 σώματος

222 924 329 1010 εμέση
353 926 614 1005 ἀποκατάστασις
640 929 661 1012 η
689 931 939 1016 τρισκαιδεκάτῃ
963 930 1067 1015 ἐστίν,
1094 930 1114 1014 ἡ
1139 928 1176 996 δέ
1197 940 1257 996 τοῦ

208 1033 358 1118 Χφωτὸς
380 1038 562 1119 μεσομηνία
589 1037 663 1119 ίΙτοι
685 1036 706 1120 ἡ
729 1038 1011 1121 πεντεκαιδεκάτη.
1055 1038 1168 1123 πρώτη
1191 1040 1258 1103 τοί-

248 1164 312 1206 νυν
325 1140 346 1224 ιΙ
360 1145 529 1226 νεομηνία,
547 1141 580 1220 ἐξ
593 1137 633 1226 ἧς
646 1145 727 1220 έθος
735 1142 904 1228 Ῥωμαίοις
917 1149 1097 1230 προκαλείν
1109 1145 1170 1228 τὴν
1185 1145 1258 1210 δευ-

177 1255 233 1310 ΧΥ
246 1245 345 1332 τέραν
368 1246 495 1333 ἑορτήν,
518 1247 667 1317 τουτέστι
690 1251 748 1326 τάς
770 1251 905 1327 Νάνας·
929 1249 993 1318 εἰσὶ
1015 1247 1053 1315 δὲ
1075 1248 1171 1335 μέσαι
1194 1250 1258 1316 ἀπὸ

207 1377 234 1417 10
248 1363 305 1437 τῆς
327 1359 502 1439 νεομηνίας
529 1357 604 1441 ἀχρι
631 1368 699 1422 τῶν
725 1359 858 1422 Νανῶν
879 1356 900 1440 ίΙ
918 1356 1072 1442 τέσσαρες
1094 1356 1115 1440 ἣ
1139 1356 1188 1440 ἐξ,
1214 1359 1259 1434 ὡς

246 1463 422 1544 γίγνεσθαι
454 1463 511 1538 τάς
541 1464 648 1539 πάσας
680 1464 744 1527 σὺν
774 1460 829 1527 καλ
861 1462 943 1549 αὐτῇ
978 1473 1017 1548 τῇ
1047 1467 1206 1549 νεομηνία
1236 1462 1257 1546 ίΙ

245 1565 343 1631 πέντε
365 1565 386 1650 ἣ
410 1564 498 1633 ἕπτά.
543 1575 577 1634 εί
595 1593 645 1646 τις
668 1564 730 1635 οὖν
753 1568 817 1634 ἀπὸ
844 1578 901 1653 τῆς
923 1573 1106 1654 πεμπταίας
1126 1568 1181 1635 καὶ
1200 1569 1257 1634 αὐ-

246 1682 304 1758 τῆς
339 1671 435 1740 ε’ννέα
470 1679 779 1761 προσεπιλογίσεται
816 1675 938 1763 ἡμέρας
970 1715 1012 1725 -
1044 1676 1126 1760 αὕτη
1164 1673 1201 1741 δὲ
1236 1675 1256 1760 ἡ

206 1783 420 1865 ΥπροσθνΙκη
447 1783 536 1867 παρά
564 1780 733 1865 Ῥωμαίοις
763 1785 881 1848 Νῶναι
913 1788 1059 1848 καλεῖται
1090 1781 1165 1848 ἀντὶ
1196 1792 1256 1850 τοῦ

206 1907 232 1948 1⁵
246 1884 355 1952 ἐννέα·
382 1896 539 1953 τοσαῦται
571 1889 635 1974 γάρ
664 1889 749 1953 εἰσιν
773 1927 814 1934 -
839 1889 970 1975 εὑρησει
992 1890 1053 1973 τὴν
1081 1888 1116 1955 ἐκ
1139 1899 1256 1975 μικράς

246 1999 439 2078 σεληνιακῆς
457 1992 721 2060 ἀποκατάστασιν
738 1993 851 2080 μέσην,
870 1994 1019 2061 τουτέστι
1036 1997 1098 2079 τὴν
1111 2013 1256 2082 τρισκαι-

246 2101 398 2184 δεκάτην·
431 2100 535 2177 οῧτιος
566 2099 621 2166 καὶ
654 2100 707 2167 ἐπὶ
744 2111 801 2185 τῆς
838 2100 1030 2187 ἑβδομαίας
1050 2100 1119 2186 μετ’
1156 2103 1256 2187 αὐτῆς

179 2217 235 2272 ΧΥ
249 2207 403 2292 ἀριθμῶν
421 2209 479 2284 τάς
497 2206 593 2273 ἐννέα
611 2208 743 2294 εὑρήσει
761 2210 822 2293 τὴν
837 2218 897 2275 τοῦ
915 2211 1025 2294 φωτὸς
1042 2212 1254 2294 μεσομηνίαν,

205 2327 230 2381 Χ
244 2312 394 2379 τουτέστι
404 2316 465 2399 τὴν
477 2317 779 2399 πεντεκαιδεκάτην.
803 2315 998 2401 ἀποφράδας
1011 2312 1048 2380 δὲ
1057 2317 1189 2392 πάντως
1197 2317 1255 2392 τάς

206 2446 231 2486 εο
244 2423 367 2498 Νάνας
391 2417 495 2506 εἶχον,
523 2432 588 2488 νῦν
610 2419 671 2508 μέν
694 2423 738 2499 ὡς
760 2421 824 2486 ἀπὸ
848 2431 905 2505 τῆς
927 2425 1109 2506 πεμπταίας
1130 2431 1195 2487 νῦν
1217 2418 1255 2486 δέ

244 2530 289 2606 ὡς
311 2527 376 2594 ἀπὸ
400 2530 593 2613 διχοτόμου,
616 2525 699 2614 μηδὲ
723 2528 918 2613 ὠνομάσθαι
940 2527 961 2611 ἣ
985 2530 1108 2614 ταύτην
1130 2528 1150 2612 ἢ
1174 2527 1254 2593 έκεί-

243 2660 308 2720 νην
329 2635 391 2718 τὴν
409 2635 513 2718 φάσιν
529 2633 762 2718 ὑπομένοντες,
786 2633 869 2699 ἀλλά
887 2635 948 2718 τὴν
966 2637 1046 2719 μετά
1065 2634 1160 2701 ἐννέα
1177 2634 1254 2720 ἡμέ-

315 2828 339 2864 v.
355 2815 368 2862 1
390 2807 424 2863 cf.
439 2808 465 2861 Π
480 2813 512 2862 12
531 2826 558 2878 p.
574 2812 616 2878 33,
632 2813 665 2862 10

314 2988 338 3024 v.
355 2974 366 3022 1
390 2967 537 3036 ἐσήμαινεν
550 2968 625 3036 DS!
642 2966 791 3040 ἑβδομαῖος
808 2969 838 3022 Υ
905 2973 921 3022 2
940 2965 1019 3038 ἡλίου
1038 2966 1111 3024 ἐστίν
1128 2972 1179 3024 cet.
1195 2970 1250 3024 des.

243 3041 266 3096 S
335 3046 351 3094 3
372 3038 597 3094 ἀποκατάστασιν
621 3039 649 3093 Y
670 3037 803 3108 περίοδον
822 3040 854 3093 Χ
923 3037 1108 3130 ἀτρίακρντα
1130 3041 1163 3108 Υ,
1189 3039 1252 3109 τριά

243 3111 289 3181 ἐτη
304 3113 336 3193 X
350 3109 386 3204 Ι
371 3130 413 3164 οτι
431 3111 449 3180 ἡ
464 3109 496 3179 μέ
498 3119 577 3166 ντου
591 3114 803 3180 σεληνιακοθ-
818 3116 832 3164 7
851 3110 1127 3203 πεντεκαιδεκάτηθ,
1144 3129 1195 3182 pro
1210 3110 1252 3166 ὅτι

242 3182 324 3254 posui
343 3183 380 3245 ὡς
398 3182 502 3263 καΙΙ
487 3202 523 3244 ως
541 3183 637 3236 καλ-
653 3181 918 3251 λπεντεκαιδεκάτη
938 3181 1015 3236 omiS.
1035 3183 1078 3252 X,
1101 3184 1138 3245 ὡς
1155 3183 1252 3237 καλ-

244 3253 465 3316 9Νώναςοιαὶε.
479 3254 508 3307 Y
566 3251 613 3306 7”
596 3272 657 3320 τοι
667 3252 816 3306 delendum
826 3256 921 3306 censet
934 3251 986 3306 Gn.
995 3253 1073 3307 ΚεοΙΙ
1133 3259 1251 3322 8προσ-

242 3329 337 3380 καλεῖν
356 3327 384 3380 Β
492 3331 525 3378 10
545 3322 573 3389 ἓξ
596 3321 666 3379 καθ’
685 3321 717 3378 ὃν
740 3320 866 3394 ἐλέγομεν
888 3321 993 3391 τρόπον
1015 3325 1052 3387 ὡς
1074 3322 1203 3395 γίνεσθαι
1226 3325 1256 3378 Y

244 3402 275 3451 11
295 3404 335 3488 τη
348 3396 426 3452 omia.
446 3393 528 3467 ΧΙη
548 3394 625 3450 omJ'S.
641 3394 673 3448 X
744 3400 777 3448 13
794 3398 945 3466 προεπιλοη
947 3393 1034 3450 ίσεται
1058 3396 1129 3465 ΥΒ,
1151 3415 1189 3464 πρ
1191 3413 1251 3450 οσε-

242 3465 429 3538 πιλοηίσαιται
447 3469 474 3522 Α
547 3472 581 3520 14
598 3469 750 3521 καλουνται
769 3467 818 3536 ΧΙ
838 3466 950 3521 ἀντλ-
966 3472 999 3520 18
1018 3463 1099 3522 ἐννέα
1118 3466 1241 3520 omis.A

243 3540 353 3596 ἀνιλ-
369 3545 402 3592 18
422 3556 523 3620 μεσομη
526 3535 591 3593 νίαν
612 3537 716 3628 'desunt
734 3537 762 3590 B
853 3544 885 3591 19
905 3536 1120 3607 ἀποφράδας-
1087 3542 1219 3607 -.ρ47,
1234 3545 1251 3590 2

243 3609 403 3678 ἐπιτήρησιν
422 3609 499 3663 omis
518 3611 564 3681 ΥΙ
579 3607 688 3670 πάντας
705 3609 733 3661 Β
