<?xml version="1.0" encoding="UTF-8"?>
<!DOCTYPE html PUBLIC "-//W3C//DTD XHTML 1.0 Transitional//EN"
    "http://www.w3.org/TR/xhtml1/DTD/xhtml1-transitional.dtd">
<html xmlns="http://www.w3.org/1999/xhtml" xml:lang="en" lang="en">
 <head>
  <title>
</title>
<meta http-equiv="Content-Type" content="text/html;charset=utf-8" />
  <meta name='ocr-system' content='tesseract 3.04.00' />
  <meta name='ocr-capabilities' content='ocr_page ocr_carea ocr_par ocr_line ocrx_word'/>
</head>
<body>
  <div class='ocr_page' id='page_1' title='image "./ioannislaurenti02wuengoog_0262.png"; bbox 0 0 2760 4234; ppageno 0'>
   <div class='ocr_carea' id='block_1_1' title="bbox 426 283 1178 350">
    <p class='ocr_par' dir='ltr' id='par_1_1' title="bbox 426 283 1178 350">
     <span class='ocr_line' id='line_1_1' title="bbox 426 283 1178 350; baseline 0.016 -14"><span class='ocrx_word' id='word_1_1' title='bbox 426 283 534 337; x_wconf 83' lang='lat' dir='ltr'><strong>LIBER</strong></span> <span class='ocrx_word' id='word_1_2' title='bbox 553 283 730 348; x_wconf 83' lang='lat' dir='ltr'>QUARTUS.</span> <span class='ocrx_word' id='word_1_3' title='bbox 760 283 927 339; x_wconf 78' lang='lat' dir='ltr'>OOTOBER</span> <span class='ocrx_word' id='word_1_4' title='bbox 1114 285 1178 350; x_wconf 70' lang='grc'><strong>’161</strong></span> 
     </span>
    </p>
   </div>
   <div class='ocr_carea' id='block_1_2' title="bbox 116 445 1222 1944">
    <p class='ocr_par' dir='ltr' id='par_1_2' title="bbox 170 445 1222 638">
     <span class='ocr_line' id='line_1_2' title="bbox 170 445 1222 532; baseline 0.003 -22"><span class='ocrx_word' id='word_1_5' title='bbox 170 449 271 522; x_wconf 90' lang='grc' dir='ltr'><strong><em>καίιος</em></strong></span> <span class='ocrx_word' id='word_1_6' title='bbox 297 449 420 511; x_wconf 80' lang='grc' dir='ltr'><strong><em>κλόνον</em></strong></span> <span class='ocrx_word' id='word_1_7' title='bbox 447 448 522 511; x_wconf 81' lang='grc' dir='ltr'><strong><em>τινὰ</em></strong></span> <span class='ocrx_word' id='word_1_8' title='bbox 550 445 605 512; x_wconf 83' lang='grc' dir='ltr'><strong><em>καὶ</em></strong></span> <span class='ocrx_word' id='word_1_9' title='bbox 634 448 770 530; x_wconf 88' lang='grc' dir='ltr'><strong><em>σεισμὸν</em></strong></span> <span class='ocrx_word' id='word_1_10' title='bbox 796 445 938 531; x_wconf 79' lang='grc' dir='ltr'><strong><em>έμκοιεί,</em></strong></span> <span class='ocrx_word' id='word_1_11' title='bbox 967 447 984 512; x_wconf 86' lang='grc' dir='ltr'><strong><em>ὃ</em></strong></span> <span class='ocrx_word' id='word_1_12' title='bbox 1008 449 1049 532; x_wconf 78' lang='grc' dir='ltr'><strong><em>δὴ</em></strong></span> <span class='ocrx_word' id='word_1_13' title='bbox 1072 450 1182 525; x_wconf 84' lang='grc' dir='ltr'><strong><em>τιοίθος</em></strong></span> <span class='ocrx_word' id='word_1_14' title='bbox 1196 459 1222 513; x_wconf 89' lang='lat' dir='ltr'>Y</span> 
     </span>
     <span class='ocr_line' id='line_1_3' title="bbox 170 550 717 638; baseline 0.002 -21"><span class='ocrx_word' id='word_1_15' title='bbox 170 555 291 638; x_wconf 82' lang='grc' dir='ltr'><strong><em>τρόμος</em></strong></span> <span class='ocrx_word' id='word_1_16' title='bbox 313 550 368 618; x_wconf 79' lang='grc' dir='ltr'><strong><em>καὶ</em></strong></span> <span class='ocrx_word' id='word_1_17' title='bbox 390 563 495 636; x_wconf 79' lang='grc' dir='ltr'><strong><em>ψῦχος</em></strong></span> <span class='ocrx_word' id='word_1_18' title='bbox 518 553 717 638; x_wconf 79' lang='grc' dir='ltr'><strong><em>ὀνομάζεται.</em></strong></span> 
     </span>
    </p>

    <p class='ocr_par' dir='ltr' id='par_1_3' title="bbox 116 658 1222 1066">
     <span class='ocr_line' id='line_1_4' title="bbox 116 658 1182 748; baseline 0.006 -27"><span class='ocrx_word' id='word_1_19' title='bbox 116 667 239 722; x_wconf 84' lang='lat' dir='ltr'><strong>RrIII46</strong></span> <span class='ocrx_word' id='word_1_20' title='bbox 265 658 336 723; x_wconf 84' lang='lat'>131.</span> <span class='ocrx_word' id='word_1_21' title='bbox 357 658 427 724; x_wconf 82' lang='grc' dir='ltr'><strong><em>Ὅτι</em></strong></span> <span class='ocrx_word' id='word_1_22' title='bbox 449 659 599 744; x_wconf 82' lang='grc' dir='ltr'><strong><em>Ῥωμαῖοι</em></strong></span> <span class='ocrx_word' id='word_1_23' title='bbox 623 661 703 745; x_wconf 82' lang='grc' dir='ltr'><strong><em>μετὰ</em></strong></span> <span class='ocrx_word' id='word_1_24' title='bbox 725 662 762 726; x_wconf 89' lang='grc' dir='ltr'><strong><em>τὸ</em></strong></span> <span class='ocrx_word' id='word_1_25' title='bbox 786 661 918 744; x_wconf 88' lang='grc' dir='ltr'><strong><em>νικῆσαι</em></strong></span> <span class='ocrx_word' id='word_1_26' title='bbox 941 664 1019 737; x_wconf 87' lang='grc' dir='ltr'><strong><em>τοὺς</em></strong></span> <span class='ocrx_word' id='word_1_27' title='bbox 1035 659 1182 748; x_wconf 85' lang='grc' dir='ltr'><strong><em>’Ἁφρους</em></strong></span> 
     </span>
     <span class='ocr_line' id='line_1_5' title="bbox 170 763 1181 852; baseline 0.005 -24"><span class='ocrx_word' id='word_1_28' title='bbox 170 763 224 829; x_wconf 84' lang='grc' dir='ltr'><strong><em>καὶ</em></strong></span> <span class='ocrx_word' id='word_1_29' title='bbox 247 767 287 830; x_wconf 84' lang='grc' dir='ltr'><strong><em>τὰ</em></strong></span> <span class='ocrx_word' id='word_1_30' title='bbox 311 765 441 832; x_wconf 81' lang='grc' dir='ltr'><strong><em>ἐκεῖθεν</em></strong></span> <span class='ocrx_word' id='word_1_31' title='bbox 463 771 568 852; x_wconf 89' lang='grc' dir='ltr'><strong><em>θηρία</em></strong></span> <span class='ocrx_word' id='word_1_32' title='bbox 591 766 644 832; x_wconf 81' lang='grc' dir='ltr'><strong><em>έιιὶ</em></strong></span> <span class='ocrx_word' id='word_1_33' title='bbox 667 777 724 851; x_wconf 90' lang='grc' dir='ltr'><strong><em>τῆς</em></strong></span> <span class='ocrx_word' id='word_1_34' title='bbox 742 766 864 852; x_wconf 68' lang='grc' dir='ltr'><strong><em>Ῥώμης</em></strong></span> <span class='ocrx_word' id='word_1_35' title='bbox 887 767 1037 852; x_wconf 77' lang='grc' dir='ltr'><strong><em>ἐκόμιζον</em></strong></span> <span class='ocrx_word' id='word_1_36' title='bbox 1055 767 1109 833; x_wconf 82' lang='grc' dir='ltr'><strong><em>καὶ</em></strong></span> <span class='ocrx_word' id='word_1_37' title='bbox 1129 767 1181 833; x_wconf 83' lang='grc' dir='ltr'><strong><em>εἰιὶ</em></strong></span> 
     </span>
     <span class='ocr_line' id='line_1_6' title="bbox 169 870 1222 960; baseline 0.007 -25"><span class='ocrx_word' id='word_1_38' title='bbox 169 880 227 956; x_wconf 91' lang='grc' dir='ltr'><strong><em>τῆς</em></strong></span> <span class='ocrx_word' id='word_1_39' title='bbox 250 873 360 956; x_wconf 80' lang='grc' dir='ltr'><strong><em>ἅμμου</em></strong></span> <span class='ocrx_word' id='word_1_40' title='bbox 381 872 555 957; x_wconf 82' lang='grc' dir='ltr'><strong><em>ἐφόνευον,</em></strong></span> <span class='ocrx_word' id='word_1_41' title='bbox 578 875 623 950; x_wconf 83' lang='grc' dir='ltr'><strong><em>ὡς</em></strong></span> <span class='ocrx_word' id='word_1_42' title='bbox 640 870 723 957; x_wconf 70' lang='grc' dir='ltr'><strong><em>μηδὲ</em></strong></span> <span class='ocrx_word' id='word_1_43' title='bbox 741 875 781 938; x_wconf 79' lang='grc' dir='ltr'><strong><em>τὰ</em></strong></span> <span class='ocrx_word' id='word_1_44' title='bbox 801 873 837 939; x_wconf 84' lang='grc' dir='ltr'><strong><em>ἐκ</em></strong></span> <span class='ocrx_word' id='word_1_45' title='bbox 854 883 911 957; x_wconf 86' lang='grc' dir='ltr'><strong><em>τῆς</em></strong></span> <span class='ocrx_word' id='word_1_46' title='bbox 929 877 1037 960; x_wconf 82' lang='grc' dir='ltr'><strong><em>χώρας</em></strong></span> <span class='ocrx_word' id='word_1_47' title='bbox 1057 874 1182 959; x_wconf 82' lang='grc' dir='ltr'><strong><em>ἐκείνης</em></strong></span> <span class='ocrx_word' id='word_1_48' title='bbox 1209 902 1222 942; x_wconf 80' lang='lat'>⁵</span> 
     </span>
     <span class='ocr_line' id='line_1_7' title="bbox 168 979 596 1066; baseline 0.007 -24"><span class='ocrx_word' id='word_1_49' title='bbox 168 983 273 1064; x_wconf 88' lang='grc' dir='ltr'><strong><em>θηρία</em></strong></span> <span class='ocrx_word' id='word_1_50' title='bbox 296 979 469 1045; x_wconf 74' lang='grc' dir='ltr'><strong><em>ἀδούλωτοι</em></strong></span> <span class='ocrx_word' id='word_1_51' title='bbox 491 985 596 1066; x_wconf 87' lang='grc' dir='ltr'><strong><em>μείνη.</em></strong></span> 
     </span>
    </p>

    <p class='ocr_par' dir='ltr' id='par_1_4' title="bbox 116 1084 1183 1278">
     <span class='ocr_line' id='line_1_8' title="bbox 116 1084 1183 1177; baseline 0.003 -25"><span class='ocrx_word' id='word_1_52' title='bbox 116 1103 150 1152; x_wconf 79' lang='lat'><strong><em>47</em></strong></span> <span class='ocrx_word' id='word_1_53' title='bbox 238 1084 311 1150; x_wconf 81' lang='lat'><strong>132.</strong></span> <span class='ocrx_word' id='word_1_54' title='bbox 332 1084 403 1151; x_wconf 85' lang='grc' dir='ltr'><strong><em>Ὅτι</em></strong></span> <span class='ocrx_word' id='word_1_55' title='bbox 430 1088 492 1169; x_wconf 88' lang='grc' dir='ltr'><strong><em>τῆν</em></strong></span> <span class='ocrx_word' id='word_1_56' title='bbox 520 1085 697 1170; x_wconf 76' lang='grc' dir='ltr'><strong><em>ἱσταμένην</em></strong></span> <span class='ocrx_word' id='word_1_57' title='bbox 725 1087 761 1152; x_wconf 88' lang='grc' dir='ltr'><strong><em>έν</em></strong></span> <span class='ocrx_word' id='word_1_58' title='bbox 787 1096 833 1174; x_wconf 77' lang='grc' dir='ltr'><strong><em>τῷ</em></strong></span> <span class='ocrx_word' id='word_1_59' title='bbox 861 1091 1030 1177; x_wconf 74' lang='grc' dir='ltr'><strong><em>Βυζαντίῳ</em></strong></span> <span class='ocrx_word' id='word_1_60' title='bbox 1059 1093 1183 1172; x_wconf 79' lang='grc' dir='ltr'><strong><em>στήλην</em></strong></span> 
     </span>
     <span class='ocr_line' id='line_1_9' title="bbox 169 1192 1182 1278; baseline 0.002 -22"><span class='ocrx_word' id='word_1_61' title='bbox 169 1201 226 1274; x_wconf 89' lang='grc' dir='ltr'><strong><em>τῆς</em></strong></span> <span class='ocrx_word' id='word_1_62' title='bbox 249 1192 355 1276; x_wconf 81' lang='grc' dir='ltr'><strong><em>Τύχης</em></strong></span> <span class='ocrx_word' id='word_1_63' title='bbox 374 1196 548 1276; x_wconf 81' lang='grc' dir='ltr'><strong><em>Πομκῆϊος</em></strong></span> <span class='ocrx_word' id='word_1_64' title='bbox 571 1192 589 1257; x_wconf 90' lang='grc' dir='ltr'>ὁ</span> <span class='ocrx_word' id='word_1_65' title='bbox 608 1192 724 1275; x_wconf 83' lang='grc' dir='ltr'><strong><em>Μέγας</em></strong></span> <span class='ocrx_word' id='word_1_66' title='bbox 743 1193 890 1275; x_wconf 87' lang='grc' dir='ltr'><strong><em>έστησευ·</em></strong></span> <span class='ocrx_word' id='word_1_67' title='bbox 911 1192 1059 1259; x_wconf 78' lang='grc' dir='ltr'><strong><em>ἐνταῦθα</em></strong></span> <span class='ocrx_word' id='word_1_68' title='bbox 1076 1195 1182 1278; x_wconf 78' lang='grc' dir='ltr'><strong><em>&lt;γόιρ&gt;</em></strong></span> 
     </span>
    </p>

    <p class='ocr_par' dir='ltr' id='par_1_5' title="bbox 146 1298 1222 1944">
     <span class='ocr_line' id='line_1_10' title="bbox 146 1298 1182 1385; baseline 0.003 -22"><span class='ocrx_word' id='word_1_69' title='bbox 146 1327 148 1332; x_wconf 69' lang='grc'><strong>’</strong></span> <span class='ocrx_word' id='word_1_70' title='bbox 168 1300 228 1363; x_wconf 88' lang='grc' dir='ltr'><strong><em>τὸν</em></strong></span> <span class='ocrx_word' id='word_1_71' title='bbox 244 1299 463 1385; x_wconf 76' lang='grc' dir='ltr'><strong><em>Μιθριδάτην</em></strong></span> <span class='ocrx_word' id='word_1_72' title='bbox 481 1302 677 1382; x_wconf 80' lang='grc' dir='ltr'><strong><em>συγκλείσας</em></strong></span> <span class='ocrx_word' id='word_1_73' title='bbox 695 1300 775 1383; x_wconf 79' lang='grc' dir='ltr'><strong><em>μετὰ</em></strong></span> <span class='ocrx_word' id='word_1_74' title='bbox 788 1310 855 1364; x_wconf 84' lang='grc' dir='ltr'><strong><em>τῶν</em></strong></span> <span class='ocrx_word' id='word_1_75' title='bbox 874 1301 1015 1364; x_wconf 86' lang='grc' dir='ltr'><strong><em>Γότθων</em></strong></span> <span class='ocrx_word' id='word_1_76' title='bbox 1033 1298 1088 1364; x_wconf 83' lang='grc' dir='ltr'><strong><em>καί</em></strong></span> <span class='ocrx_word' id='word_1_77' title='bbox 1105 1301 1182 1366; x_wconf 92' lang='grc' dir='ltr'><strong><em>τού-</em></strong></span> 
     </span>
     <span class='ocr_line' id='line_1_11' title="bbox 168 1396 1222 1491; baseline 0.003 -21"><span class='ocrx_word' id='word_1_78' title='bbox 168 1428 247 1481; x_wconf 89' lang='grc' dir='ltr'><strong><em>τους</em></strong></span> <span class='ocrx_word' id='word_1_79' title='bbox 279 1406 497 1481; x_wconf 81' lang='grc' dir='ltr'><strong><em>ὃιασκεθύσας</em></strong></span> <span class='ocrx_word' id='word_1_80' title='bbox 530 1405 568 1470; x_wconf 90' lang='grc' dir='ltr'><strong><em>τὸ</em></strong></span> <span class='ocrx_word' id='word_1_81' title='bbox 596 1407 780 1484; x_wconf 85' lang='grc' dir='ltr'><strong><em>Βυζάντιον</em></strong></span> <span class='ocrx_word' id='word_1_82' title='bbox 811 1396 884 1470; x_wconf 79' lang='grc' dir='ltr'><strong><em>εἷλε.</em></strong></span> <span class='ocrx_word' id='word_1_83' title='bbox 938 1404 993 1469; x_wconf 79' lang='grc' dir='ltr'><strong><em>καὶ</em></strong></span> <span class='ocrx_word' id='word_1_84' title='bbox 1022 1417 1182 1491; x_wconf 82' lang='grc' dir='ltr'><strong><em>μαρτυρεῖ</em></strong></span> <span class='ocrx_word' id='word_1_85' title='bbox 1196 1436 1222 1474; x_wconf 85' lang='lat'><strong><em>10</em></strong></span> 
     </span>
     <span class='ocr_line' id='line_1_12' title="bbox 168 1510 1181 1598; baseline 0.002 -22"><span class='ocrx_word' id='word_1_86' title='bbox 168 1513 205 1577; x_wconf 92' lang='grc' dir='ltr'><strong><em>τὸ</em></strong></span> <span class='ocrx_word' id='word_1_87' title='bbox 239 1510 292 1577; x_wconf 81' lang='grc' dir='ltr'><strong><em>ἐπὶ</em></strong></span> <span class='ocrx_word' id='word_1_88' title='bbox 324 1521 382 1595; x_wconf 87' lang='grc' dir='ltr'><strong><em>τῆς</em></strong></span> <span class='ocrx_word' id='word_1_89' title='bbox 413 1515 549 1598; x_wconf 80' lang='grc' dir='ltr'><strong><em>στείρας</em></strong></span> <span class='ocrx_word' id='word_1_90' title='bbox 578 1521 638 1576; x_wconf 87' lang='grc' dir='ltr'><strong><em>τοῦ</em></strong></span> <span class='ocrx_word' id='word_1_91' title='bbox 667 1515 779 1587; x_wconf 90' lang='grc' dir='ltr'><strong><em>κίονος</em></strong></span> <span class='ocrx_word' id='word_1_92' title='bbox 808 1510 995 1596; x_wconf 82' lang='grc' dir='ltr'><strong><em>ἐπίγραμμα</em></strong></span> <span class='ocrx_word' id='word_1_93' title='bbox 1023 1515 1181 1589; x_wconf 89' lang='grc' dir='ltr'><strong><em>Λατίνοις</em></strong></span> 
     </span>
     <span class='ocr_line' id='line_1_13' title="bbox 167 1617 641 1704; baseline -0.002 -21"><span class='ocrx_word' id='word_1_94' title='bbox 167 1620 366 1704; x_wconf 78' lang='grc' dir='ltr'><strong><em>γράμμασιν,</em></strong></span> <span class='ocrx_word' id='word_1_95' title='bbox 390 1617 408 1683; x_wconf 86' lang='grc' dir='ltr'><strong>ὃ</strong></span> <span class='ocrx_word' id='word_1_96' title='bbox 432 1620 529 1702; x_wconf 74' lang='grc' dir='ltr'><strong><em>δηλοῖ</em></strong></span> <span class='ocrx_word' id='word_1_97' title='bbox 551 1619 641 1684; x_wconf 77' lang='grc' dir='ltr'><strong><em>τάδε·</em></strong></span> 
     </span>
     <span class='ocr_line' id='line_1_14' title="bbox 172 1759 1181 1847; baseline 0.002 -23"><span class='ocrx_word' id='word_1_98' title='bbox 172 1763 218 1846; x_wconf 85' lang='grc' dir='ltr'><strong><em>Τῆ</em></strong></span> <span class='ocrx_word' id='word_1_99' title='bbox 246 1760 335 1846; x_wconf 83' lang='grc' dir='ltr'><strong><em>Τύχη</em></strong></span> <span class='ocrx_word' id='word_1_100' title='bbox 358 1759 396 1846; x_wconf 87' lang='grc' dir='ltr'><strong><em>τῆ</em></strong></span> <span class='ocrx_word' id='word_1_101' title='bbox 422 1759 669 1847; x_wconf 84' lang='grc' dir='ltr'><strong><em>έιιανασωστικῆ</em></strong></span> <span class='ocrx_word' id='word_1_102' title='bbox 698 1761 754 1825; x_wconf 78' lang='grc' dir='ltr'><strong><em>διὰ</em></strong></span> <span class='ocrx_word' id='word_1_103' title='bbox 777 1762 856 1837; x_wconf 85' lang='grc' dir='ltr'><strong><em>τοὺς</em></strong></span> <span class='ocrx_word' id='word_1_104' title='bbox 877 1759 1076 1844; x_wconf 79' lang='grc' dir='ltr'><strong><em>νικηθέντας</em></strong></span> <span class='ocrx_word' id='word_1_105' title='bbox 1100 1764 1181 1826; x_wconf 87' lang='grc' dir='ltr'><strong><em>Γότ-</em></strong></span> 
     </span>
     <span class='ocr_line' id='line_1_15' title="bbox 926 1874 1020 1944; baseline 0 -12"><span class='ocrx_word' id='word_1_106' title='bbox 926 1874 1020 1944; x_wconf 89' lang='grc' dir='ltr'><strong><em>θους.</em></strong></span> 
     </span>
    </p>
   </div>
   <div class='ocr_carea' id='block_1_3' title="bbox 113 1989 1220 2166">
    <p class='ocr_par' dir='ltr' id='par_1_6' title="bbox 113 1989 1220 2166">
     <span class='ocr_line' id='line_1_16' title="bbox 113 1989 1220 2080; baseline 0 -23"><span class='ocrx_word' id='word_1_107' title='bbox 113 1991 229 2057; x_wconf 66' lang='grc' dir='ltr'><strong>128οὸ</strong></span> <span class='ocrx_word' id='word_1_108' title='bbox 254 1989 290 2057; x_wconf 76' lang='grc' dir='ltr'><strong><em>θλ</em></strong></span> <span class='ocrx_word' id='word_1_109' title='bbox 313 1995 413 2070; x_wconf 82' lang='grc' dir='ltr'><strong><em>τόκος</em></strong></span> <span class='ocrx_word' id='word_1_110' title='bbox 435 1993 576 2080; x_wconf 79' lang='grc' dir='ltr'><strong><em>ὕστερον</em></strong></span> <span class='ocrx_word' id='word_1_111' title='bbox 603 1999 782 2078; x_wconf 78' lang='grc' dir='ltr'><strong><em>καπηλεῖον</em></strong></span> <span class='ocrx_word' id='word_1_112' title='bbox 811 1991 948 2075; x_wconf 80' lang='grc' dir='ltr'><strong><em>ἐγένετο.</em></strong></span> <span class='ocrx_word' id='word_1_113' title='bbox 996 1995 1029 2058; x_wconf 75' lang='grc' dir='ltr'><strong><em>οἱ</em></strong></span> <span class='ocrx_word' id='word_1_114' title='bbox 1053 1992 1220 2059; x_wconf 84' lang='grc' dir='ltr'><strong><em>ΓότθοιΧ</em></strong></span> 
     </span>
     <span class='ocr_line' id='line_1_17' title="bbox 168 2097 1220 2166; baseline 0.004 -4"><span class='ocrx_word' id='word_1_115' title='bbox 168 2097 275 2164; x_wconf 89' lang='grc' dir='ltr'><strong><em>Γέται.</em></strong></span> <span class='ocrx_word' id='word_1_116' title='bbox 1194 2128 1220 2166; x_wconf 78' lang='grc' dir='ltr'><strong><em>ιο</em></strong></span> 
     </span>
    </p>
   </div>
   <div class='ocr_carea' id='block_1_4' title="bbox 114 2204 1244 2506">
    <p class='ocr_par' dir='ltr' id='par_1_7' title="bbox 114 2204 1244 2506">
     <span class='ocr_line' id='line_1_18' title="bbox 114 2204 1090 2292; baseline 0.001 -23"><span class='ocrx_word' id='word_1_117' title='bbox 114 2221 148 2269; x_wconf 85' lang='grc'><strong><em>83</em></strong></span> <span class='ocrx_word' id='word_1_118' title='bbox 236 2205 307 2271; x_wconf 83' lang='lat'>133.</span> <span class='ocrx_word' id='word_1_119' title='bbox 332 2256 339 2271; x_wconf 95' lang='grc'><strong>.</strong></span> <span class='ocrx_word' id='word_1_120' title='bbox 359 2256 366 2270; x_wconf 95' lang='grc'><strong>.</strong></span> <span class='ocrx_word' id='word_1_121' title='bbox 385 2256 392 2271; x_wconf 95' lang='grc'><strong>.</strong></span> <span class='ocrx_word' id='word_1_122' title='bbox 412 2209 445 2272; x_wconf 83' lang='grc' dir='ltr'><strong><em>οἱ</em></strong></span> <span class='ocrx_word' id='word_1_123' title='bbox 467 2204 504 2272; x_wconf 74' lang='grc' dir='ltr'><strong><em>δὲ</em></strong></span> <span class='ocrx_word' id='word_1_124' title='bbox 529 2208 657 2272; x_wconf 76' lang='grc' dir='ltr'><strong><em>ἰδιῶται</em></strong></span> <span class='ocrx_word' id='word_1_125' title='bbox 680 2206 829 2292; x_wconf 76' lang='grc' dir='ltr'><strong><em>δέλφακά</em></strong></span> <span class='ocrx_word' id='word_1_126' title='bbox 852 2223 956 2291; x_wconf 84' lang='grc' dir='ltr'><strong><em>φασιν</em></strong></span> <span class='ocrx_word' id='word_1_127' title='bbox 979 2204 1090 2270; x_wconf 85' lang='grc' dir='ltr'><strong><em>αὐτόν.</em></strong></span> 
     </span>
     <span class='ocr_line' id='line_1_19' title="bbox 114 2309 1244 2398; baseline 0.001 -21"><span class='ocrx_word' id='word_1_128' title='bbox 114 2328 148 2377; x_wconf 84' lang='grc'><strong><em>83</em></strong></span> <span class='ocrx_word' id='word_1_129' title='bbox 236 2311 307 2377; x_wconf 87' lang='grc'><strong>134.</strong></span> <span class='ocrx_word' id='word_1_130' title='bbox 339 2314 382 2378; x_wconf 93' lang='grc' dir='ltr'><strong><em>Τὸ</em></strong></span> <span class='ocrx_word' id='word_1_131' title='bbox 415 2309 453 2377; x_wconf 70' lang='grc' dir='ltr'><strong><em>δὲ</em></strong></span> <span class='ocrx_word' id='word_1_132' title='bbox 485 2315 602 2397; x_wconf 83' lang='grc' dir='ltr'><strong><em>λόγιον</em></strong></span> <span class='ocrx_word' id='word_1_133' title='bbox 633 2313 697 2378; x_wconf 84' lang='grc' dir='ltr'><strong><em>ἀνὰ</em></strong></span> <span class='ocrx_word' id='word_1_134' title='bbox 728 2315 835 2378; x_wconf 82' lang='grc' dir='ltr'><strong><em>πάντα</em></strong></span> <span class='ocrx_word' id='word_1_135' title='bbox 862 2314 922 2378; x_wconf 85' lang='grc' dir='ltr'><strong><em>τὸν</em></strong></span> <span class='ocrx_word' id='word_1_136' title='bbox 950 2310 1180 2398; x_wconf 82' lang='grc' dir='ltr'><strong><em>Σεπτέμβριου</em></strong></span> <span class='ocrx_word' id='word_1_137' title='bbox 1195 2324 1244 2378; x_wconf 82' lang='lat' dir='ltr'><strong><em>XS</em></strong></span> 
     </span>
     <span class='ocr_line' id='line_1_20' title="bbox 166 2416 1219 2506; baseline 0.004 -23"><span class='ocrx_word' id='word_1_138' title='bbox 166 2429 254 2503; x_wconf 89' lang='grc' dir='ltr'><strong><em>μῆνα</em></strong></span> <span class='ocrx_word' id='word_1_139' title='bbox 276 2426 534 2502; x_wconf 76' lang='grc' dir='ltr'><strong><em>γαλακτοτοτείν</em></strong></span> <span class='ocrx_word' id='word_1_140' title='bbox 556 2416 640 2506; x_wconf 73' lang='grc' dir='ltr'><strong><em>ύτιλρ</em></strong></span> <span class='ocrx_word' id='word_1_141' title='bbox 664 2421 777 2503; x_wconf 83' lang='grc' dir='ltr'><strong><em>ὑγείας</em></strong></span> <span class='ocrx_word' id='word_1_142' title='bbox 799 2427 979 2506; x_wconf 68' lang='grc' dir='ltr'><strong><em>παρεγγυᾷ.</em></strong></span> <span class='ocrx_word' id='word_1_143' title='bbox 1194 2449 1219 2487; x_wconf 82' lang='lat'><strong><em>19</em></strong></span> 
     </span>
    </p>
   </div>
   <div class='ocr_carea' id='block_1_5' title="bbox 573 2645 1220 2720">
    <p class='ocr_par' dir='ltr' id='par_1_8' title="bbox 573 2645 1220 2720">
     <span class='ocr_line' id='line_1_21' title="bbox 573 2645 1220 2720; baseline 0.003 -18"><span class='ocrx_word' id='word_1_144' title='bbox 573 2645 775 2720; x_wconf 83' lang='grc' dir='ltr'><strong><em>Οιιτὼβριος.</em></strong></span> <span class='ocrx_word' id='word_1_145' title='bbox 1194 2651 1220 2704; x_wconf 84' lang='grc' dir='ltr'>Χ</span> 
     </span>
    </p>
   </div>
   <div class='ocr_carea' id='block_1_6' title="bbox 114 2774 1245 3288">
    <p class='ocr_par' dir='ltr' id='par_1_9' title="bbox 114 2774 1245 3288">
     <span class='ocr_line' id='line_1_22' title="bbox 114 2774 1219 2862; baseline 0.002 -22"><span class='ocrx_word' id='word_1_146' title='bbox 114 2785 237 2840; x_wconf 75' lang='lat' dir='ltr'>deesth</span> <span class='ocrx_word' id='word_1_147' title='bbox 264 2774 336 2841; x_wconf 81' lang='lat'>135.</span> <span class='ocrx_word' id='word_1_148' title='bbox 371 2777 438 2842; x_wconf 82' lang='grc' dir='ltr'><strong><em>Ίθν</em></strong></span> <span class='ocrx_word' id='word_1_149' title='bbox 455 2775 656 2862; x_wconf 85' lang='grc' dir='ltr'><strong><em>Ὀκτώβριον</em></strong></span> <span class='ocrx_word' id='word_1_150' title='bbox 678 2777 885 2841; x_wconf 81' lang='grc' dir='ltr'><strong><em>Μακεδόνιοι</em></strong></span> <span class='ocrx_word' id='word_1_151' title='bbox 909 2787 1042 2862; x_wconf 81' lang='grc' dir='ltr'><strong><em>πρῶτον</em></strong></span> <span class='ocrx_word' id='word_1_152' title='bbox 1065 2777 1178 2860; x_wconf 84' lang='grc' dir='ltr'><strong><em>ἔχουσι</em></strong></span> <span class='ocrx_word' id='word_1_153' title='bbox 1193 2790 1219 2842; x_wconf 88' lang='grc' dir='ltr'>Η</span> 
     </span>
     <span class='ocr_line' id='line_1_23' title="bbox 166 2880 1178 2968; baseline -0.001 -21"><span class='ocrx_word' id='word_1_154' title='bbox 166 2891 264 2966; x_wconf 88' lang='grc' dir='ltr'><strong><em>μῆνα,</em></strong></span> <span class='ocrx_word' id='word_1_155' title='bbox 288 2884 321 2949; x_wconf 83' lang='grc' dir='ltr'><strong><em>οἱ</em></strong></span> <span class='ocrx_word' id='word_1_156' title='bbox 343 2880 380 2948; x_wconf 71' lang='grc' dir='ltr'><strong><em>δὲ</em></strong></span> <span class='ocrx_word' id='word_1_157' title='bbox 395 2883 546 2967; x_wconf 84' lang='grc' dir='ltr'><strong><em>Ῥωμαῖοι</em></strong></span> <span class='ocrx_word' id='word_1_158' title='bbox 570 2883 693 2965; x_wconf 74' lang='grc' dir='ltr'><strong><em>ὄγδοον</em></strong></span> <span class='ocrx_word' id='word_1_159' title='bbox 716 2882 780 2947; x_wconf 83' lang='grc' dir='ltr'><strong><em>ἀπὸ</em></strong></span> <span class='ocrx_word' id='word_1_160' title='bbox 804 2891 864 2948; x_wconf 87' lang='grc' dir='ltr'><strong><em>τοῦ</em></strong></span> <span class='ocrx_word' id='word_1_161' title='bbox 887 2885 994 2968; x_wconf 82' lang='grc' dir='ltr'><strong><em>ἔαρος,</em></strong></span> <span class='ocrx_word' id='word_1_162' title='bbox 1018 2881 1100 2947; x_wconf 82' lang='grc' dir='ltr'><strong><em>ὅθεν</em></strong></span> <span class='ocrx_word' id='word_1_163' title='bbox 1123 2880 1178 2947; x_wconf 81' lang='grc' dir='ltr'><strong><em>καί</em></strong></span> 
     </span>
     <span class='ocr_line' id='line_1_24' title="bbox 161 2986 1178 3076; baseline -0.002 -22"><span class='ocrx_word' id='word_1_164' title='bbox 161 2986 361 3076; x_wconf 83' lang='grc' dir='ltr'><strong><em>Ὀκτώβριον</em></strong></span> <span class='ocrx_word' id='word_1_165' title='bbox 384 2989 487 3055; x_wconf 86' lang='grc' dir='ltr'><strong><em>αὐτὸν</em></strong></span> <span class='ocrx_word' id='word_1_166' title='bbox 514 2989 734 3074; x_wconf 82' lang='grc' dir='ltr'><strong><em>ὀνομάζουσιν</em></strong></span> <span class='ocrx_word' id='word_1_167' title='bbox 757 2988 832 3054; x_wconf 79' lang='grc' dir='ltr'><strong><em>ἀντὶ</em></strong></span> <span class='ocrx_word' id='word_1_168' title='bbox 855 2999 915 3055; x_wconf 86' lang='grc' dir='ltr'><strong><em>τοῦ</em></strong></span> <span class='ocrx_word' id='word_1_169' title='bbox 939 2990 1069 3072; x_wconf 79' lang='grc' dir='ltr'><strong><em>όγθοον.</em></strong></span> <span class='ocrx_word' id='word_1_170' title='bbox 1116 2993 1178 3052; x_wconf 89' lang='grc' dir='ltr'><strong><em>Σε-</em></strong></span> 
     </span>
     <span class='ocr_line' id='line_1_25' title="bbox 165 3091 1219 3183; baseline 0.005 -23"><span class='ocrx_word' id='word_1_171' title='bbox 165 3099 332 3181; x_wconf 85' lang='grc' dir='ltr'><strong><em>μεντίλιος</em></strong></span> <span class='ocrx_word' id='word_1_172' title='bbox 355 3093 392 3164; x_wconf 72' lang='grc' dir='ltr'><strong><em>δὲ</em></strong></span> <span class='ocrx_word' id='word_1_173' title='bbox 415 3091 513 3173; x_wconf 85' lang='grc' dir='ltr'><strong><em>οὗτος</em></strong></span> <span class='ocrx_word' id='word_1_174' title='bbox 534 3099 698 3183; x_wconf 84' lang='grc' dir='ltr'><strong><em>πρότερον</em></strong></span> <span class='ocrx_word' id='word_1_175' title='bbox 721 3095 866 3161; x_wconf 82' lang='grc' dir='ltr'><strong><em>ἐκαλεῖτο</em></strong></span> <span class='ocrx_word' id='word_1_176' title='bbox 888 3095 952 3160; x_wconf 81' lang='grc' dir='ltr'><strong><em>ἀπὸ</em></strong></span> <span class='ocrx_word' id='word_1_177' title='bbox 971 3104 1032 3161; x_wconf 90' lang='grc' dir='ltr'><strong><em>τοῦ</em></strong></span> <span class='ocrx_word' id='word_1_178' title='bbox 1051 3098 1178 3181; x_wconf 84' lang='grc' dir='ltr'><strong><em>σπόρου</em></strong></span> <span class='ocrx_word' id='word_1_179' title='bbox 1193 3127 1219 3164; x_wconf 79' lang='lat'><strong><em>24</em></strong></span> 
     </span>
     <span class='ocr_line' id='line_1_26' title="bbox 166 3199 1245 3288; baseline 0.001 -20"><span class='ocrx_word' id='word_1_180' title='bbox 166 3239 208 3249; x_wconf 93' lang='lat'>—</span> <span class='ocrx_word' id='word_1_181' title='bbox 233 3202 319 3268; x_wconf 81' lang='grc' dir='ltr'><strong><em>οὕτω</em></strong></span> <span class='ocrx_word' id='word_1_182' title='bbox 348 3205 411 3288; x_wconf 81' lang='grc' dir='ltr'><strong><em>γὰρ</em></strong></span> <span class='ocrx_word' id='word_1_183' title='bbox 435 3201 586 3287; x_wconf 78' lang='grc' dir='ltr'><strong><em>Ῥωμαῖοι</em></strong></span> <span class='ocrx_word' id='word_1_184' title='bbox 614 3203 674 3268; x_wconf 87' lang='grc' dir='ltr'><strong><em>τὸν</em></strong></span> <span class='ocrx_word' id='word_1_185' title='bbox 701 3205 828 3288; x_wconf 81' lang='grc' dir='ltr'><strong><em>σπόρον</em></strong></span> <span class='ocrx_word' id='word_1_186' title='bbox 854 3208 1002 3268; x_wconf 89' lang='grc' dir='ltr'><strong><em>καλοῦσι.</em></strong></span> <span class='ocrx_word' id='word_1_187' title='bbox 1052 3199 1180 3267; x_wconf 87' lang='grc' dir='ltr'><strong><em>Καλέν-</em></strong></span> <span class='ocrx_word' id='word_1_188' title='bbox 1193 3215 1245 3269; x_wconf 84' lang='lat' dir='ltr'><strong><em>HS</em></strong></span> 
     </span>
    </p>
   </div>
   <div class='ocr_carea' id='block_1_7' title="bbox 165 3373 1179 3664">
    <p class='ocr_par' dir='ltr' id='par_1_10' title="bbox 165 3373 1179 3664">
     <span class='ocr_line' id='line_1_27' title="bbox 236 3373 1179 3451; baseline -0.001 -20"><span class='ocrx_word' id='word_1_189' title='bbox 236 3396 261 3432; x_wconf 79' lang='lat' dir='ltr'><strong><em>V.</em></strong></span> <span class='ocrx_word' id='word_1_190' title='bbox 277 3385 293 3431; x_wconf 93' lang='grc'><strong>2</strong></span> <span class='ocrx_word' id='word_1_191' title='bbox 311 3376 413 3447; x_wconf 87' lang='grc' dir='ltr'><strong><em>τρόμος</em></strong></span> <span class='ocrx_word' id='word_1_192' title='bbox 430 3396 459 3432; x_wconf 88' lang='grc' dir='ltr'><strong><em>τε</em></strong></span> <span class='ocrx_word' id='word_1_193' title='bbox 478 3379 527 3444; x_wconf 76' lang='grc' dir='ltr'><strong><em>κάλ</em></strong></span> <span class='ocrx_word' id='word_1_194' title='bbox 548 3379 574 3433; x_wconf 78' lang='lat' dir='ltr'><em>G</em></span> <span class='ocrx_word' id='word_1_195' title='bbox 646 3383 662 3432; x_wconf 92' lang='grc'>8</span> <span class='ocrx_word' id='word_1_196' title='bbox 681 3377 778 3451; x_wconf 76' lang='grc' dir='ltr'><strong><em>&lt;ηὰρ&gt;</em></strong></span> <span class='ocrx_word' id='word_1_197' title='bbox 799 3377 897 3431; x_wconf 75' lang='lat' dir='ltr'><strong>addidi</strong></span> <span class='ocrx_word' id='word_1_198' title='bbox 970 3382 1003 3431; x_wconf 92' lang='lat'><strong><em>18</em></strong></span> <span class='ocrx_word' id='word_1_199' title='bbox 1024 3374 1115 3430; x_wconf 80' lang='grc' dir='ltr'><strong><em>ὅτιτὸ</em></strong></span> <span class='ocrx_word' id='word_1_200' title='bbox 1134 3373 1179 3430; x_wconf 88' lang='grc' dir='ltr'><strong><em>λό-</em></strong></span> 
     </span>
     <span class='ocr_line' id='line_1_28' title="bbox 166 3447 1179 3573; baseline -0.002 -71"><span class='ocrx_word' id='word_1_201' title='bbox 166 3468 277 3518; x_wconf 79' lang='grc' dir='ltr'><strong><em>γιον-</em></strong></span> <span class='ocrx_word' id='word_1_202' title='bbox 293 3455 325 3503; x_wconf 90' lang='grc'><strong><em>19</em></strong></span> <span class='ocrx_word' id='word_1_203' title='bbox 344 3449 530 3520; x_wconf 65' lang='grc' dir='ltr'><strong><em>τιαρεηγνᾶό</em></strong></span> <span class='ocrx_word' id='word_1_204' title='bbox 590 3455 622 3503; x_wconf 86' lang='grc'><strong>19</strong></span> <span class='ocrx_word' id='word_1_205' title='bbox 643 3457 717 3518; x_wconf 89' lang='grc' dir='ltr'><strong><em>μῆνα</em></strong></span> <span class='ocrx_word' id='word_1_206' title='bbox 732 3448 849 3503; x_wconf 54' lang='lat' dir='ltr'>omis]</span> <span class='ocrx_word' id='word_1_207' title='bbox 910 3454 942 3502; x_wconf 91' lang='grc'><strong>21</strong></span> <span class='ocrx_word' id='word_1_208' title='bbox 962 3448 1012 3503; x_wconf 80' lang='grc' dir='ltr'><strong><em>τὸν</em></strong></span> <span class='ocrx_word' id='word_1_209' title='bbox 1026 3447 1179 3573; x_wconf 63' lang='grc' dir='ltr'><strong><em>ὀκτώμριον</em></strong></span> 
     </span>
     <span class='ocr_line' id='line_1_29' title="bbox 165 3517 1179 3591; baseline -0.001 -17"><span class='ocrx_word' id='word_1_210' title='bbox 165 3518 464 3590; x_wconf 76' lang='grc' dir='ltr'><strong><em>-ρ.162,11νόσου</em></strong></span> <span class='ocrx_word' id='word_1_211' title='bbox 478 3521 513 3574; x_wconf 92' lang='grc' dir='ltr'><strong><em>Η</em></strong></span> <span class='ocrx_word' id='word_1_212' title='bbox 583 3527 616 3574; x_wconf 81' lang='grc'><strong><em>25</em></strong></span> <span class='ocrx_word' id='word_1_213' title='bbox 636 3518 678 3575; x_wconf 78' lang='grc' dir='ltr'><strong><em>ὅτι</em></strong></span> <span class='ocrx_word' id='word_1_214' title='bbox 697 3517 845 3582; x_wconf 79' lang='grc' dir='ltr'><strong><em>καλένὸαις</em></strong></span> <span class='ocrx_word' id='word_1_215' title='bbox 868 3517 1033 3591; x_wconf 82' lang='grc' dir='ltr'><strong><em>ὀκτωβρίαις</em></strong></span> <span class='ocrx_word' id='word_1_216' title='bbox 1052 3519 1079 3573; x_wconf 84' lang='grc' dir='ltr'><strong><em>ολ</em></strong></span> <span class='ocrx_word' id='word_1_217' title='bbox 1109 3528 1179 3588; x_wconf 85' lang='grc' dir='ltr'><strong><em>ερεῖς</em></strong></span> 
     </span>
     <span class='ocr_line' id='line_1_30' title="bbox 165 3589 1179 3664; baseline 0.001 -20"><span class='ocrx_word' id='word_1_218' title='bbox 165 3622 201 3631; x_wconf 92' lang='grc'><strong>-</strong></span> <span class='ocrx_word' id='word_1_219' title='bbox 215 3610 242 3661; x_wconf 91' lang='lat' dir='ltr'><strong><em>p.</em></strong></span> <span class='ocrx_word' id='word_1_220' title='bbox 259 3597 318 3661; x_wconf 82' lang='grc'><strong>162,</strong></span> <span class='ocrx_word' id='word_1_221' title='bbox 334 3599 365 3646; x_wconf 91' lang='grc'><strong><em>11</em></strong></span> <span class='ocrx_word' id='word_1_222' title='bbox 385 3590 470 3647; x_wconf 87' lang='grc' dir='ltr'><strong><em>νόσου</em></strong></span> <span class='ocrx_word' id='word_1_223' title='bbox 484 3593 507 3648; x_wconf 82' lang='lat' dir='ltr'><strong><em>S</em></strong></span> <span class='ocrx_word' id='word_1_224' title='bbox 520 3594 524 3664; x_wconf 78' lang='grc' dir='ltr'>Ι</span> <span class='ocrx_word' id='word_1_225' title='bbox 540 3589 690 3655; x_wconf 82' lang='grc' dir='ltr'><strong><em>καλένθαις</em></strong></span> <span class='ocrx_word' id='word_1_226' title='bbox 703 3589 869 3662; x_wconf 85' lang='grc' dir='ltr'><strong><em>ὀκτωβρίαις</em></strong></span> <span class='ocrx_word' id='word_1_227' title='bbox 882 3591 910 3660; x_wconf 80' lang='lat' dir='ltr'><strong><em>S,</em></strong></span> <span class='ocrx_word' id='word_1_228' title='bbox 929 3590 1001 3646; x_wconf 81' lang='grc' dir='ltr'><strong><em>κατὰ</em></strong></span> <span class='ocrx_word' id='word_1_229' title='bbox 1015 3599 1115 3646; x_wconf 78' lang='grc' dir='ltr'><strong><em>τοῦτον</em></strong></span> <span class='ocrx_word' id='word_1_230' title='bbox 1128 3590 1179 3645; x_wconf 88' lang='grc' dir='ltr'><strong><em>τὸν</em></strong></span> 
     </span>
    </p>
   </div>
   <div class='ocr_carea' id='block_1_8' title="bbox 0 0 1384 4234">
    <p class='ocr_par' dir='ltr' id='par_1_11' title="bbox 0 0 1384 4234">
     <span class='ocr_line' id='line_1_31' title="bbox 0 0 1384 4234; baseline 0 1"><span class='ocrx_word' id='word_1_231' title='bbox 0 0 1384 4234; x_wconf 95' lang='lat' dir='ltr'><strong><em> </em></strong></span> 
     </span>
    </p>
   </div>
  </div>
 </body>
</html>
