2788 4222
216 1229 265 1294 ‘H
293 1229 449 1318 (Ἰωάννου
481 1235 668 1315 Λαυρεντίαν
702 1231 909 1312 Φιλαδελφὲως
952 1244 1005 1295 τοῦ
1040 1229 1165 1318 Λυδοῦ)

152 1323 220 1404 περὶ
248 1332 351 1403 μηνῶν
378 1317 601 1406 (πραγματεία),
632 1324 659 1384 εἰ
684 1322 734 1383 καὶ
760 1323 836 1383 πολὺ
867 1323 899 1384 τὸ
926 1320 1071 1404 ἄχρηστον
1100 1323 1164 1404 ἔχει,

153 1407 219 1472 ἀλλ’
242 1403 296 1473 οὖν
327 1411 402 1492 πρὸς
432 1411 487 1491 τὴν
518 1421 570 1492 τῆς
602 1409 789 1494 ἀρχαιότητος
821 1412 955 1491 μάθησιν
990 1410 1106 1494 ἕπίχαρί
1135 1435 1165 1474 τε

153 1500 203 1561 καὶ
225 1502 291 1561 λίαν
313 1501 460 1581 χρειῶδεςε
488 1502 529 1560 sic
557 1502 628 1561 olim
651 1502 687 1560 de
709 1502 798 1576 libro,
826 1521 915 1577 quern
937 1502 1063 1561 Ioannes
1086 1502 1165 1560 Lau-

152 1590 268 1650 rentius
290 1590 391 1666 Lydus
418 1590 592 1666 conscripsit
619 1591 654 1648 de
681 1590 846 1665 mensibus,
874 1590 1018 1650 iudicavit
1039 1591 1165 1650 Photius

153 1679 325 1755 patriarcha
352 1671 436 1760 (bibl.
465 1679 527 1737 cod.
553 1680 645 1756 180),
680 1680 762 1738 cuius
791 1679 900 1738 iudicio
931 1680 1018 1739 hodie
1046 1699 1164 1756 quoque

155 1767 292 1826 assentiri
318 1787 483 1843 possumus.
530 1769 664 1844 quamvis
695 1768 774 1826 enim
804 1769 899 1827 altera
931 1788 966 1827 ex
995 1771 1081 1844 parte
1111 1789 1164 1826 nu·

154 1875 261 1933 garum
293 1857 487 1932 mysticarum
520 1858 696 1931 multitudo,
732 1857 830 1933 qualis
866 1858 904 1915 ab
940 1857 1051 1916 Ioanne
1087 1856 1164 1916 Lau-

153 1945 249 2004 rentio
276 1946 441 2021 profertur,
470 1946 561 2023 digna
589 1946 640 2006 vix
668 1947 806 2006 videatur
833 1965 909 2021 esse,
940 1965 1016 2022 quae
1039 1946 1165 2022 posteris

153 2034 300 2109 tradatur,
322 2037 423 2093 tamen
446 2054 481 2093 ex
505 2036 599 2093 altera
622 2037 700 2094 certe
724 2054 831 2110 operae
854 2038 899 2093 est
916 2036 1046 2111 pretium
1064 2035 1165 2093 multi·

154 2122 262 2181 fariam
280 2123 364 2182 illam
382 2123 555 2198 doctrinam,
578 2143 637 2200 qua
656 2123 796 2199 Byzantii
814 2124 964 2200 quondam
982 2124 1167 2183 excellebant

155 2211 220 2287 viri,
244 2212 297 2288 qui
319 2212 399 2271 docti
422 2213 621 2288 habebantur,
645 2212 762 2287 plenius
786 2231 959 2290 cognoscere
983 2215 1026 2287 et,
1050 2212 1166 2288 quain

154 2319 186 2357 re
219 2319 334 2359 summa
366 2301 442 2377 ciue,
477 2320 554 2376 quae
586 2300 749 2359 Laurentio
786 2301 912 2360 attribui
948 2300 1036 2376 solet,
1068 2300 1165 2359 laudis

154 2389 253 2464 posita
277 2393 334 2465 est,
358 2390 458 2465 ipsum
481 2393 597 2449 secutos
617 2390 655 2448 ad
678 2390 774 2448 fontes
798 2390 988 2464 adscendere,
1016 2409 1031 2448 e
1055 2389 1165 2466 quibus

154 2478 309 2537 scientiam
332 2497 418 2537 suam
440 2479 580 2538 hauserit.
623 2498 690 2536 cum
708 2497 778 2537 vero
801 2479 923 2537 illorum
945 2479 1075 2537 fontium
1098 2497 1164 2537 con-

155 2566 232 2626 dicio
255 2587 291 2626 ea
318 2568 370 2642 sit,
397 2571 434 2626 ut
462 2571 598 2626 auctores
630 2567 800 2626 adhibuerit
821 2567 924 2642 Lydus
953 2567 1019 2643 ipso
1051 2586 1167 2643 semper

154 2656 215 2714 fere
238 2656 383 2732 meliores,
407 2657 461 2732 qui
483 2660 653 2732 temporum
675 2656 836 2732 iniquitate
863 2656 948 2715 nobis
972 2657 1083 2715 servati
1106 2675 1166 2715 non

155 2748 276 2803 sunt—
291 2745 434 2821 imprimis
459 2765 507 2804 eos
531 2745 605 2820 dico,
629 2745 682 2821 qui
704 2745 885 2821 scripserunt
908 2745 944 2803 de
964 2745 1168 2804 Romanorum

156 2834 388 2910 antiquitatibus
412 2867 464 2910 -‚
492 2835 529 2894 ob
551 2835 607 2893 hoc
630 2835 730 2910 ipsum
757 2837 893 2893 veterum
920 2837 1078 2893 auctorum
1104 2837 1132 2892 st
1156 2865 1166 2875 ·

155 2922 238 2980 dium
260 2923 381 2982 minime
403 2924 621 3000 neglegendum
644 2942 706 2982 esse
729 2922 840 2981 librum
857 2923 945 2981 illum
963 2923 998 2982 de
1016 2922 1167 2981 mensibus

154 3014 247 3086 patet.
293 3013 367 3086 quin
397 3013 489 3071 etiam
517 3012 641 3070 eandem
671 3012 709 3070 ob
736 3031 858 3071 causam
880 3012 967 3070 valde
995 3012 1094 3070 dolere
1117 3010 1166 3068 de-

154 3099 267 3174 bemuS,
291 3101 371 3175 quod
393 3121 453 3160 non
471 3101 622 3178 integrum
640 3119 715 3177 opus
733 3098 800 3180 περὶ
819 3109 922 3178 μηνῶν
942 3102 1072 3158 aetatem
1085 3098 1167 3173 tulit,

155 3188 207 3246 sed
230 3192 416 3248 contractum
444 3192 474 3248 et
497 3193 667 3266 excerptum
698 3189 736 3247 ad
765 3208 819 3248 nos
848 3189 996 3266 pervenit,
1026 3186 1167 3263 quodque

156 3278 208 3352 qui
228 3278 372 3353 epitomas
391 3279 459 3338 illas
474 3279 531 3338 sibi
544 3279 680 3337 fecerunt
693 3279 750 3338 viri
767 3278 847 3337 docti
860 3298 921 3338 non
934 3281 998 3336 tam
1010 3275 1168 3334 historiam

155 3364 325 3424 litterarum
353 3370 383 3426 et
412 3368 625 3444 antiquitatem
656 3386 724 3426 cum
752 3385 890 3444 graecam
919 3369 986 3425 tum
1013 3382 1168 3423 romanam

154 3459 356 3531 respexerunt,
381 3476 472 3532 quam
495 3455 688 3532 astrologiam
712 3459 741 3514 et
763 3455 1022 3531 Pythagoreorum
1043 3453 1168 3512 recenti-

158 3562 244 3601 orum
261 3544 544 3621 Platonicorumque
567 3545 680 3620 placita
706 3544 840 3618 mystica.
882 3547 973 3618 atque
1001 3542 1076 3600 talia
1099 3542 1170 3601 libri

156 3629 351 3691 Laurentiani
385 3633 554 3712 fragmenta
584 3652 599 3691 e
633 3633 785 3691 nonnullis
819 3631 969 3690 codicibus
1002 3650 1076 3706 quos
1108 3631 1170 3691 fors
