<?xml version="1.0" encoding="UTF-8"?>
<!DOCTYPE html PUBLIC "-//W3C//DTD XHTML 1.0 Transitional//EN"
    "http://www.w3.org/TR/xhtml1/DTD/xhtml1-transitional.dtd">
<html xmlns="http://www.w3.org/1999/xhtml" xml:lang="en" lang="en">
 <head>
  <title>
</title>
<meta http-equiv="Content-Type" content="text/html;charset=utf-8" />
  <meta name='ocr-system' content='tesseract 3.04.00' />
  <meta name='ocr-capabilities' content='ocr_page ocr_carea ocr_par ocr_line ocrx_word'/>
</head>
<body>
  <div class='ocr_page' id='page_1' title='image "./ioannislaurenti02wuengoog_0065.png"; bbox 0 0 2788 4222; ppageno 0'>
   <div class='ocr_carea' id='block_1_1' title="bbox 607 286 811 342">
    <p class='ocr_par' dir='ltr' id='par_1_1' title="bbox 607 286 811 342">
     <span class='ocr_line' id='line_1_1' title="bbox 607 286 811 342; baseline 0.01 -2"><span class='ocrx_word' id='word_1_1' title='bbox 607 286 811 342; x_wconf 77' lang='lat' dir='ltr'>PRAEFATIO</span> 
     </span>
    </p>
   </div>
   <div class='ocr_carea' id='block_1_2' title="bbox 71 450 1297 3731">
    <p class='ocr_par' dir='ltr' id='par_1_2' title="bbox 71 450 1297 3731">
     <span class='ocr_line' id='line_1_2' title="bbox 324 450 1221 531; baseline 0.007 -17"><span class='ocrx_word' id='word_1_2' title='bbox 324 456 396 514; x_wconf 90' lang='lat' dir='ltr'><strong>tulit</strong></span> <span class='ocrx_word' id='word_1_3' title='bbox 406 450 454 514; x_wconf 72' lang='lat' dir='ltr'><strong>‘ex</strong></span> <span class='ocrx_word' id='word_1_4' title='bbox 462 456 583 515; x_wconf 89' lang='lat' dir='ltr'><strong>Ioannis</strong></span> <span class='ocrx_word' id='word_1_5' title='bbox 593 456 670 531; x_wconf 89' lang='lat' dir='ltr'><strong>Lydi</strong></span> <span class='ocrx_word' id='word_1_6' title='bbox 685 456 720 514; x_wconf 89' lang='lat' dir='ltr'><strong>da</strong></span> <span class='ocrx_word' id='word_1_7' title='bbox 730 456 880 516; x_wconf 89' lang='lat' dir='ltr'><strong>mensibus</strong></span> <span class='ocrx_word' id='word_1_8' title='bbox 889 457 966 517; x_wconf 90' lang='lat' dir='ltr'><strong>libro</strong></span> <span class='ocrx_word' id='word_1_9' title='bbox 976 459 1107 517; x_wconf 88' lang='lat' dir='ltr'><strong>nondum</strong></span> <span class='ocrx_word' id='word_1_10' title='bbox 1117 457 1221 520; x_wconf 82' lang='lat' dir='ltr'><strong>edito&#39;</strong></span> 
     </span>
     <span class='ocr_line' id='line_1_3' title="bbox 326 544 1219 622; baseline 0.006 -20"><span class='ocrx_word' id='word_1_11' title='bbox 326 544 495 622; x_wconf 87' lang='lat' dir='ltr'><strong>fragmenta</strong></span> <span class='ocrx_word' id='word_1_12' title='bbox 517 564 601 618; x_wconf 78' lang='lat' dir='ltr'><strong>vero,</strong></span> <span class='ocrx_word' id='word_1_13' title='bbox 629 564 706 620; x_wconf 85' lang='lat' dir='ltr'><strong>quae</strong></span> <span class='ocrx_word' id='word_1_14' title='bbox 733 545 790 603; x_wconf 87' lang='lat' dir='ltr'><strong>tali</strong></span> <span class='ocrx_word' id='word_1_15' title='bbox 816 545 904 604; x_wconf 91' lang='lat' dir='ltr'><strong>modo</strong></span> <span class='ocrx_word' id='word_1_16' title='bbox 932 546 1131 609; x_wconf 86' lang='lat' dir='ltr'><strong>aLambecio</strong></span> <span class='ocrx_word' id='word_1_17' title='bbox 1159 567 1219 608; x_wconf 91' lang='lat' dir='ltr'><strong>ser-</strong></span> 
     </span>
     <span class='ocr_line' id='line_1_4' title="bbox 324 633 1218 712; baseline 0.004 -20"><span class='ocrx_word' id='word_1_18' title='bbox 324 635 397 692; x_wconf 88' lang='lat' dir='ltr'><strong>vata</strong></span> <span class='ocrx_word' id='word_1_19' title='bbox 427 637 510 708; x_wconf 90' lang='lat' dir='ltr'><strong>sunt,</strong></span> <span class='ocrx_word' id='word_1_20' title='bbox 540 633 640 692; x_wconf 91' lang='lat' dir='ltr'><strong>omnia</strong></span> <span class='ocrx_word' id='word_1_21' title='bbox 670 634 789 693; x_wconf 86' lang='lat' dir='ltr'><strong>enotavi</strong></span> <span class='ocrx_word' id='word_1_22' title='bbox 819 634 851 692; x_wconf 92' lang='lat' dir='ltr'><strong>in</strong></span> <span class='ocrx_word' id='word_1_23' title='bbox 881 639 1030 712; x_wconf 88' lang='lat' dir='ltr'><strong>apparatu</strong></span> <span class='ocrx_word' id='word_1_24' title='bbox 1059 637 1218 696; x_wconf 86' lang='lat' dir='ltr'><strong>verborum</strong></span> 
     </span>
     <span class='ocr_line' id='line_1_5' title="bbox 324 722 1218 803; baseline 0.004 -22"><span class='ocrx_word' id='word_1_25' title='bbox 324 723 476 781; x_wconf 84' lang='lat' dir='ltr'><strong>contextui</strong></span> <span class='ocrx_word' id='word_1_26' title='bbox 499 722 675 797; x_wconf 71' lang='lat' dir='ltr'><strong>subornato,</strong></span> <span class='ocrx_word' id='word_1_27' title='bbox 705 741 781 798; x_wconf 93' lang='lat' dir='ltr'><strong>quae</strong></span> <span class='ocrx_word' id='word_1_28' title='bbox 804 723 830 781; x_wconf 90' lang='lat' dir='ltr'><strong>si</strong></span> <span class='ocrx_word' id='word_1_29' title='bbox 853 723 935 782; x_wconf 88' lang='lat' dir='ltr'><strong>adire</strong></span> <span class='ocrx_word' id='word_1_30' title='bbox 958 725 1013 799; x_wconf 83' lang='lat' dir='ltr'><strong>vis,</strong></span> <span class='ocrx_word' id='word_1_31' title='bbox 1039 725 1140 784; x_wconf 86' lang='lat' dir='ltr'><strong>videas</strong></span> <span class='ocrx_word' id='word_1_32' title='bbox 1164 746 1218 803; x_wconf 90' lang='lat' dir='ltr'><strong>ap-</strong></span> 
     </span>
     <span class='ocr_line' id='line_1_6' title="bbox 321 812 1218 890; baseline 0.006 -20"><span class='ocrx_word' id='word_1_33' title='bbox 321 814 463 887; x_wconf 85' lang='lat' dir='ltr'><strong>paratum</strong></span> <span class='ocrx_word' id='word_1_34' title='bbox 487 812 525 869; x_wconf 88' lang='lat' dir='ltr'><strong>ad</strong></span> <span class='ocrx_word' id='word_1_35' title='bbox 547 832 579 887; x_wconf 65' lang='lat' dir='ltr'><strong>p.=</strong></span> <span class='ocrx_word' id='word_1_36' title='bbox 598 815 651 886; x_wconf 87' lang='lat'><strong>11,</strong></span> <span class='ocrx_word' id='word_1_37' title='bbox 673 814 722 870; x_wconf 91' lang='lat'><strong>10.</strong></span> <span class='ocrx_word' id='word_1_38' title='bbox 749 813 847 885; x_wconf 83' lang='lat'><strong>15,1.</strong></span> <span class='ocrx_word' id='word_1_39' title='bbox 872 814 994 887; x_wconf 79' lang='lat'><strong>32,13.</strong></span> <span class='ocrx_word' id='word_1_40' title='bbox 1019 814 1069 889; x_wconf 87' lang='grc'><strong>63,</strong></span> <span class='ocrx_word' id='word_1_41' title='bbox 1091 817 1117 873; x_wconf 83' lang='grc'><strong>7.</strong></span> <span class='ocrx_word' id='word_1_42' title='bbox 1143 819 1218 890; x_wconf 83' lang='grc'>107,</span> 
     </span>
     <span class='ocr_line' id='line_1_7' title="bbox 78 902 1215 1076; baseline 0.002 -28"><span class='ocrx_word' id='word_1_43' title='bbox 78 973 195 1076; x_wconf 52' lang='lat' dir='ltr'><strong>affiget</strong></span> <span class='ocrx_word' id='word_1_44' title='bbox 268 902 637 1065; x_wconf 61' lang='lat' dir='ltr'><strong>axiipiii’iiiaiii’</strong></span> <span class='ocrx_word' id='word_1_45' title='bbox 654 902 1088 1063; x_wconf 39' lang='lat' dir='ltr'><strong>rhepspsspffipp’epaaffipppg</strong></span> <span class='ocrx_word' id='word_1_46' title='bbox 1098 905 1215 1050; x_wconf 67' lang='grc'>3111110-</span> 
     </span>
     <span class='ocr_line' id='line_1_8' title="bbox 320 1077 1214 1154; baseline 0.001 -17"><span class='ocrx_word' id='word_1_47' title='bbox 320 1080 424 1137; x_wconf 90' lang='lat' dir='ltr'><strong>thecae</strong></span> <span class='ocrx_word' id='word_1_48' title='bbox 442 1077 612 1136; x_wconf 87' lang='lat' dir='ltr'><strong>Alexandro</strong></span> <span class='ocrx_word' id='word_1_49' title='bbox 630 1077 690 1135; x_wconf 76' lang='lat' dir='ltr'><strong>VH</strong></span> <span class='ocrx_word' id='word_1_50' title='bbox 712 1077 851 1153; x_wconf 85' lang='lat' dir='ltr'><strong>pontifice</strong></span> <span class='ocrx_word' id='word_1_51' title='bbox 875 1082 984 1154; x_wconf 77' lang='lat' dir='ltr'><strong>eustoc,</strong></span> <span class='ocrx_word' id='word_1_52' title='bbox 1007 1099 1023 1138; x_wconf 92' lang='lat' dir='ltr'><strong>e</strong></span> <span class='ocrx_word' id='word_1_53' title='bbox 1042 1079 1141 1138; x_wconf 92' lang='lat' dir='ltr'><strong>codice</strong></span> <span class='ocrx_word' id='word_1_54' title='bbox 1160 1082 1214 1139; x_wconf 87' lang='lat' dir='ltr'><strong>ali-</strong></span> 
     </span>
     <span class='ocr_line' id='line_1_9' title="bbox 321 1166 1215 1244; baseline 0.003 -19"><span class='ocrx_word' id='word_1_55' title='bbox 321 1187 379 1243; x_wconf 90' lang='lat' dir='ltr'><strong>quo</strong></span> <span class='ocrx_word' id='word_1_56' title='bbox 402 1167 566 1227; x_wconf 84' lang='lat' dir='ltr'><strong>vetustiore</strong></span> <span class='ocrx_word' id='word_1_57' title='bbox 589 1167 786 1242; x_wconf 71' lang='lat' dir='ltr'>descripserat</span> <span class='ocrx_word' id='word_1_58' title='bbox 808 1166 865 1225; x_wconf 84' lang='lat' dir='ltr'><strong>sibi</strong></span> <span class='ocrx_word' id='word_1_59' title='bbox 884 1171 1022 1243; x_wconf 81' lang='lat' dir='ltr'><strong>excerpta</strong></span> <span class='ocrx_word' id='word_1_60' title='bbox 1043 1188 1058 1226; x_wconf 92' lang='lat' dir='ltr'><strong>e</strong></span> <span class='ocrx_word' id='word_1_61' title='bbox 1078 1169 1215 1244; x_wconf 87' lang='lat' dir='ltr'><strong>Lydiano</strong></span> 
     </span>
     <span class='ocr_line' id='line_1_10' title="bbox 319 1248 1213 1336; baseline 0.004 -22"><span class='ocrx_word' id='word_1_62' title='bbox 319 1257 396 1316; x_wconf 88' lang='lat' dir='ltr'><strong>libro</strong></span> <span class='ocrx_word' id='word_1_63' title='bbox 420 1257 455 1315; x_wconf 87' lang='lat' dir='ltr'><strong>de</strong></span> <span class='ocrx_word' id='word_1_64' title='bbox 478 1255 628 1314; x_wconf 87' lang='lat' dir='ltr'><strong>mensibus</strong></span> <span class='ocrx_word' id='word_1_65' title='bbox 655 1255 736 1314; x_wconf 86' lang='lat' dir='ltr'><strong>facta</strong></span> <span class='ocrx_word' id='word_1_66' title='bbox 764 1248 879 1336; x_wconf 81' lang='grc' dir='ltr'>(ὀρθῶς</span> <span class='ocrx_word' id='word_1_67' title='bbox 904 1253 961 1335; x_wconf 72' lang='grc' dir='ltr'><strong>ἄρα</strong></span> <span class='ocrx_word' id='word_1_68' title='bbox 984 1257 1015 1317; x_wconf 81' lang='grc' dir='ltr'><strong>οἱ</strong></span> <span class='ocrx_word' id='word_1_69' title='bbox 1035 1255 1070 1315; x_wconf 82' lang='grc' dir='ltr'><strong>τὰ</strong></span> <span class='ocrx_word' id='word_1_70' title='bbox 1099 1257 1213 1336; x_wconf 79' lang='grc' dir='ltr'><strong><em>μυθικὰ</em></strong></span> 
     </span>
     <span class='ocr_line' id='line_1_11' title="bbox 320 1341 1213 1423; baseline 0.002 -19"><span class='ocrx_word' id='word_1_71' title='bbox 320 1344 371 1406; x_wconf 83' lang='grc' dir='ltr'><strong>τὸν</strong></span> <span class='ocrx_word' id='word_1_72' title='bbox 393 1343 513 1421; x_wconf 80' lang='grc' dir='ltr'><strong><em>Κρόνον</em></strong></span> <span class='ocrx_word' id='word_1_73' title='bbox 535 1343 605 1417; x_wconf 73' lang='grc' dir='ltr'><em>τοὺς</em></span> <span class='ocrx_word' id='word_1_74' title='bbox 631 1341 737 1404; x_wconf 81' lang='grc' dir='ltr'><em>ἑαυτοῦ</em></span> <span class='ocrx_word' id='word_1_75' title='bbox 763 1343 872 1416; x_wconf 78' lang='grc' dir='ltr'><em>παῖδας</em></span> <span class='ocrx_word' id='word_1_76' title='bbox 898 1349 972 1423; x_wconf 64' lang='grc' dir='ltr'><strong>κτλ,</strong></span> <span class='ocrx_word' id='word_1_77' title='bbox 999 1345 1085 1404; x_wconf 90' lang='lat' dir='ltr'><strong>Hasii</strong></span> <span class='ocrx_word' id='word_1_78' title='bbox 1109 1364 1213 1406; x_wconf 88' lang='lat' dir='ltr'><strong>comm.</strong></span> 
     </span>
     <span class='ocr_line' id='line_1_12' title="bbox 319 1427 1213 1516; baseline 0.002 -24"><span class='ocrx_word' id='word_1_79' title='bbox 319 1455 348 1510; x_wconf 93' lang='lat' dir='ltr'><strong>p.</strong></span> <span class='ocrx_word' id='word_1_80' title='bbox 367 1427 447 1516; x_wconf 87' lang='lat' dir='ltr'><strong>LH),</strong></span> <span class='ocrx_word' id='word_1_81' title='bbox 473 1452 549 1510; x_wconf 89' lang='lat' dir='ltr'><strong>quae</strong></span> <span class='ocrx_word' id='word_1_82' title='bbox 572 1435 603 1491; x_wconf 88' lang='lat' dir='ltr'><strong>in</strong></span> <span class='ocrx_word' id='word_1_83' title='bbox 627 1432 798 1508; x_wconf 83' lang='lat' dir='ltr'><strong>Symmictis</strong></span> <span class='ocrx_word' id='word_1_84' title='bbox 821 1433 883 1492; x_wconf 89' lang='lat' dir='ltr'><strong>suis</strong></span> <span class='ocrx_word' id='word_1_85' title='bbox 907 1436 972 1492; x_wconf 88' lang='lat' dir='ltr'><strong>erat</strong></span> <span class='ocrx_word' id='word_1_86' title='bbox 994 1434 1138 1510; x_wconf 74' lang='lat' dir='ltr'><strong>editurus,</strong></span> <span class='ocrx_word' id='word_1_87' title='bbox 1161 1436 1213 1494; x_wconf 90' lang='lat' dir='ltr'><strong>sed</strong></span> 
     </span>
     <span class='ocr_line' id='line_1_13' title="bbox 318 1523 1213 1598; baseline 0.002 -17"><span class='ocrx_word' id='word_1_88' title='bbox 318 1527 413 1583; x_wconf 84' lang='lat' dir='ltr'><strong>morte</strong></span> <span class='ocrx_word' id='word_1_89' title='bbox 437 1542 515 1582; x_wconf 89' lang='lat' dir='ltr'><strong>auno</strong></span> <span class='ocrx_word' id='word_1_90' title='bbox 536 1524 620 1583; x_wconf 88' lang='grc'>1669</span> <span class='ocrx_word' id='word_1_91' title='bbox 644 1524 825 1598; x_wconf 85' lang='lat' dir='ltr'><strong>praeventus</strong></span> <span class='ocrx_word' id='word_1_92' title='bbox 847 1541 908 1580; x_wconf 90' lang='lat' dir='ltr'><strong>uon</strong></span> <span class='ocrx_word' id='word_1_93' title='bbox 927 1523 1027 1580; x_wconf 81' lang='lat' dir='ltr'><strong>edidit.</strong></span> <span class='ocrx_word' id='word_1_94' title='bbox 1073 1524 1213 1583; x_wconf 77' lang='lat' dir='ltr'><strong>notitiam</strong></span> 
     </span>
     <span class='ocr_line' id='line_1_14' title="bbox 318 1610 1212 1688; baseline 0.001 -17"><span class='ocrx_word' id='word_1_95' title='bbox 318 1612 407 1671; x_wconf 89' lang='lat' dir='ltr'><strong>huius</strong></span> <span class='ocrx_word' id='word_1_96' title='bbox 422 1612 596 1688; x_wconf 82' lang='lat' dir='ltr'><strong>exemplaris</strong></span> <span class='ocrx_word' id='word_1_97' title='bbox 612 1611 767 1670; x_wconf 75' lang='lat' dir='ltr'><strong>certiorem</strong></span> <span class='ocrx_word' id='word_1_98' title='bbox 777 1610 903 1670; x_wconf 87' lang='lat' dir='ltr'><strong>Nicolao</strong></span> <span class='ocrx_word' id='word_1_99' title='bbox 915 1611 1050 1672; x_wconf 84' lang='lat' dir='ltr'><strong>Schowic</strong></span> <span class='ocrx_word' id='word_1_100' title='bbox 1064 1613 1212 1688; x_wconf 68' lang='lat' dir='ltr'><strong>debemus</strong></span> 
     </span>
     <span class='ocr_line' id='line_1_15' title="bbox 319 1698 1282 1779; baseline 0.001 -19"><span class='ocrx_word' id='word_1_101' title='bbox 319 1702 401 1760; x_wconf 88' lang='lat' dir='ltr'><strong>cuius</strong></span> <span class='ocrx_word' id='word_1_102' title='bbox 420 1701 456 1760; x_wconf 86' lang='lat' dir='ltr'><strong>de</strong></span> <span class='ocrx_word' id='word_1_103' title='bbox 476 1721 510 1760; x_wconf 93' lang='lat' dir='ltr'><strong>eo</strong></span> <span class='ocrx_word' id='word_1_104' title='bbox 528 1700 619 1760; x_wconf 79' lang='lat' dir='ltr'><strong>verba</strong></span> <span class='ocrx_word' id='word_1_105' title='bbox 633 1718 723 1775; x_wconf 91' lang='lat' dir='ltr'><strong>supra</strong></span> <span class='ocrx_word' id='word_1_106' title='bbox 740 1720 769 1776; x_wconf 90' lang='lat' dir='ltr'><strong>p.</strong></span> <span class='ocrx_word' id='word_1_107' title='bbox 783 1698 851 1757; x_wconf 89' lang='lat' dir='ltr'><strong>LIX</strong></span> <span class='ocrx_word' id='word_1_108' title='bbox 870 1701 1034 1760; x_wconf 80' lang='lat' dir='ltr'><strong>attulimus.</strong></span> <span class='ocrx_word' id='word_1_109' title='bbox 1072 1719 1126 1779; x_wconf 89' lang='lat' dir='ltr'><strong>ego</strong></span> <span class='ocrx_word' id='word_1_110' title='bbox 1143 1720 1213 1760; x_wconf 88' lang='lat' dir='ltr'><strong>cum</strong></span> <span class='ocrx_word' id='word_1_111' title='bbox 1279 1713 1282 1719; x_wconf 86' lang='lat'>&#39;</span> 
     </span>
     <span class='ocr_line' id='line_1_16' title="bbox 317 1787 1211 1868; baseline 0.001 -21"><span class='ocrx_word' id='word_1_112' title='bbox 317 1789 429 1848; x_wconf 87' lang='lat' dir='ltr'><strong>Romae</strong></span> <span class='ocrx_word' id='word_1_113' title='bbox 456 1807 603 1861; x_wconf 86' lang='lat' dir='ltr'><strong>versarer,</strong></span> <span class='ocrx_word' id='word_1_114' title='bbox 630 1787 743 1846; x_wconf 85' lang='lat' dir='ltr'><strong>frustra</strong></span> <span class='ocrx_word' id='word_1_115' title='bbox 770 1807 891 1863; x_wconf 86' lang='lat' dir='ltr'>operam</span> <span class='ocrx_word' id='word_1_116' title='bbox 914 1789 994 1863; x_wconf 90' lang='lat' dir='ltr'><strong>dedi,</strong></span> <span class='ocrx_word' id='word_1_117' title='bbox 1021 1792 1057 1848; x_wconf 85' lang='lat' dir='ltr'><strong>ut</strong></span> <span class='ocrx_word' id='word_1_118' title='bbox 1084 1808 1211 1868; x_wconf 91' lang='lat' dir='ltr'><strong>apogra-</strong></span> 
     </span>
     <span class='ocr_line' id='line_1_17' title="bbox 317 1876 1210 1955; baseline 0.004 -21"><span class='ocrx_word' id='word_1_119' title='bbox 317 1878 411 1952; x_wconf 92' lang='lat' dir='ltr'><strong>phum</strong></span> <span class='ocrx_word' id='word_1_120' title='bbox 434 1877 511 1936; x_wconf 91' lang='lat' dir='ltr'><strong>illud</strong></span> <span class='ocrx_word' id='word_1_121' title='bbox 539 1876 700 1952; x_wconf 89' lang='lat' dir='ltr'><strong>reperirem</strong></span> <span class='ocrx_word' id='word_1_122' title='bbox 724 1877 756 1933; x_wconf 90' lang='lat' dir='ltr'><strong>in</strong></span> <span class='ocrx_word' id='word_1_123' title='bbox 783 1877 820 1935; x_wconf 91' lang='lat' dir='ltr'><strong>iis</strong></span> <span class='ocrx_word' id='word_1_124' title='bbox 849 1876 1045 1953; x_wconf 79' lang='lat' dir='ltr'><strong>bibliothecis,</strong></span> <span class='ocrx_word' id='word_1_125' title='bbox 1073 1879 1105 1936; x_wconf 90' lang='lat' dir='ltr'><strong>in</strong></span> <span class='ocrx_word' id='word_1_126' title='bbox 1133 1898 1210 1955; x_wconf 89' lang='lat' dir='ltr'><strong>quas</strong></span> 
     </span>
     <span class='ocr_line' id='line_1_18' title="bbox 318 1959 1210 2048; baseline 0.002 -24"><span class='ocrx_word' id='word_1_127' title='bbox 318 1966 391 2025; x_wconf 89' lang='lat' dir='ltr'><strong>olim</strong></span> <span class='ocrx_word' id='word_1_128' title='bbox 408 1966 516 2024; x_wconf 80' lang='lat' dir='ltr'><strong>Allatii</strong></span> <span class='ocrx_word' id='word_1_129' title='bbox 536 1966 767 2024; x_wconf 80' lang='lat' dir='ltr'><strong>instrumentum</strong></span> <span class='ocrx_word' id='word_1_130' title='bbox 789 1969 941 2041; x_wconf 89' lang='lat' dir='ltr'><strong>receptum</strong></span> <span class='ocrx_word' id='word_1_131' title='bbox 964 1970 1010 2026; x_wconf 88' lang='lat' dir='ltr'><strong>est</strong></span> <span class='ocrx_word' id='word_1_132' title='bbox 1028 1959 1210 2048; x_wconf 83' lang='lat' dir='ltr'><strong>(Collegium</strong></span> 
     </span>
     <span class='ocr_line' id='line_1_19' title="bbox 71 2047 1209 2228; baseline 0.001 -27"><span class='ocrx_word' id='word_1_133' title='bbox 71 2136 189 2228; x_wconf 58' lang='lat' dir='ltr'><strong>fflp</strong></span> <span class='ocrx_word' id='word_1_134' title='bbox 262 2047 1209 2220; x_wconf 44' lang='lat' dir='ltr'><strong>axiii{ihihhiiheiiiaclittiissiiinlihasstgaphumaluo</strong></span> 
     </span>
     <span class='ocr_line' id='line_1_20' title="bbox 315 2233 1207 2311; baseline 0.002 -21"><span class='ocrx_word' id='word_1_135' title='bbox 315 2233 504 2291; x_wconf 85' lang='lat' dir='ltr'><strong>Allatianum</strong></span> <span class='ocrx_word' id='word_1_136' title='bbox 521 2233 717 2308; x_wconf 73' lang='lat' dir='ltr'><strong>descripserat</strong></span> <span class='ocrx_word' id='word_1_137' title='bbox 731 2251 877 2308; x_wconf 88' lang='lat' dir='ltr'><strong>suumque</strong></span> <span class='ocrx_word' id='word_1_138' title='bbox 892 2234 1042 2308; x_wconf 85' lang='lat' dir='ltr'><strong>exemplar</strong></span> <span class='ocrx_word' id='word_1_139' title='bbox 1055 2235 1207 2311; x_wconf 86' lang='lat' dir='ltr'><strong>perlegen-</strong></span> 
     </span>
     <span class='ocr_line' id='line_1_21' title="bbox 316 2321 1208 2396; baseline -0.002 -14"><span class='ocrx_word' id='word_1_140' title='bbox 316 2321 387 2382; x_wconf 90' lang='lat' dir='ltr'><strong>dum</strong></span> <span class='ocrx_word' id='word_1_141' title='bbox 406 2321 540 2382; x_wconf 81' lang='lat' dir='ltr'><strong>Schowio</strong></span> <span class='ocrx_word' id='word_1_142' title='bbox 560 2321 690 2395; x_wconf 90' lang='lat' dir='ltr'><strong>dederat,</strong></span> <span class='ocrx_word' id='word_1_143' title='bbox 708 2322 791 2380; x_wconf 87' lang='lat' dir='ltr'><strong>cuius</strong></span> <span class='ocrx_word' id='word_1_144' title='bbox 809 2323 853 2380; x_wconf 90' lang='lat' dir='ltr'><strong>rei</strong></span> <span class='ocrx_word' id='word_1_145' title='bbox 871 2324 990 2396; x_wconf 89' lang='lat' dir='ltr'><strong>praeter</strong></span> <span class='ocrx_word' id='word_1_146' title='bbox 1008 2321 1107 2380; x_wconf 91' lang='lat' dir='ltr'><strong>locum</strong></span> <span class='ocrx_word' id='word_1_147' title='bbox 1121 2323 1208 2380; x_wconf 90' lang='lat' dir='ltr'><strong>illum</strong></span> 
     </span>
     <span class='ocr_line' id='line_1_22' title="bbox 314 2411 1207 2483; baseline 0.001 -15"><span class='ocrx_word' id='word_1_148' title='bbox 314 2412 402 2470; x_wconf 88' lang='lat' dir='ltr'><strong>modo</strong></span> <span class='ocrx_word' id='word_1_149' title='bbox 422 2411 580 2470; x_wconf 87' lang='lat' dir='ltr'><strong>laudatum</strong></span> <span class='ocrx_word' id='word_1_150' title='bbox 599 2411 727 2470; x_wconf 89' lang='lat' dir='ltr'><strong>alterum</strong></span> <span class='ocrx_word' id='word_1_151' title='bbox 744 2413 879 2468; x_wconf 88' lang='lat' dir='ltr'><strong>tenemus</strong></span> <span class='ocrx_word' id='word_1_152' title='bbox 897 2411 1113 2483; x_wconf 85' lang='lat' dir='ltr'><strong>testimonium3</strong></span> <span class='ocrx_word' id='word_1_153' title='bbox 1137 2412 1207 2469; x_wconf 90' lang='lat' dir='ltr'><strong>scri-</strong></span> 
     </span>
     <span class='ocr_line' id='line_1_23' title="bbox 315 2491 1207 2580; baseline -0.001 -21"><span class='ocrx_word' id='word_1_154' title='bbox 315 2501 376 2576; x_wconf 90' lang='lat' dir='ltr'><strong>psit</strong></span> <span class='ocrx_word' id='word_1_155' title='bbox 405 2501 484 2559; x_wconf 90' lang='lat' dir='ltr'><strong>enim</strong></span> <span class='ocrx_word' id='word_1_156' title='bbox 514 2500 553 2558; x_wconf 89' lang='lat' dir='ltr'><strong>ad</strong></span> <span class='ocrx_word' id='word_1_157' title='bbox 581 2499 752 2558; x_wconf 87' lang='lat' dir='ltr'><strong>Harlesium</strong></span> <span class='ocrx_word' id='word_1_158' title='bbox 781 2497 932 2557; x_wconf 84' lang='lat' dir='ltr'><strong>Schowius</strong></span> <span class='ocrx_word' id='word_1_159' title='bbox 963 2491 1107 2580; x_wconf 82' lang='lat' dir='ltr'><strong>(Fabricii</strong></span> <span class='ocrx_word' id='word_1_160' title='bbox 1136 2499 1207 2558; x_wconf 89' lang='lat' dir='ltr'><strong>bibl.</strong></span> 
     </span>
     <span class='ocr_line' id='line_1_24' title="bbox 314 2579 1206 2667; baseline 0 -21"><span class='ocrx_word' id='word_1_161' title='bbox 314 2609 356 2666; x_wconf 85' lang='lat' dir='ltr'><strong>gr.</strong></span> <span class='ocrx_word' id='word_1_162' title='bbox 375 2589 419 2646; x_wconf 86' lang='lat' dir='ltr'><strong>IV</strong></span> <span class='ocrx_word' id='word_1_163' title='bbox 441 2610 470 2665; x_wconf 89' lang='lat' dir='ltr'><strong>p.</strong></span> <span class='ocrx_word' id='word_1_164' title='bbox 492 2590 554 2648; x_wconf 79' lang='lat'><strong>157</strong></span> <span class='ocrx_word' id='word_1_165' title='bbox 579 2589 623 2646; x_wconf 92' lang='lat' dir='ltr'><strong>ed.</strong></span> <span class='ocrx_word' id='word_1_166' title='bbox 645 2579 792 2667; x_wconf 86' lang='lat' dir='ltr'><strong>Harles.):</strong></span> <span class='ocrx_word' id='word_1_167' title='bbox 815 2582 862 2645; x_wconf 74' lang='lat' dir='ltr'><strong>‘ex</strong></span> <span class='ocrx_word' id='word_1_168' title='bbox 884 2587 991 2646; x_wconf 87' lang='lat' dir='ltr'><strong>Leonis</strong></span> <span class='ocrx_word' id='word_1_169' title='bbox 1014 2587 1122 2646; x_wconf 86' lang='lat' dir='ltr'><strong>Allatii</strong></span> <span class='ocrx_word' id='word_1_170' title='bbox 1143 2607 1206 2646; x_wconf 92' lang='lat' dir='ltr'><strong>ma·</strong></span> 
     </span>
     <span class='ocr_line' id='line_1_25' title="bbox 313 2674 1207 2754; baseline 0 -19"><span class='ocrx_word' id='word_1_171' title='bbox 313 2679 474 2753; x_wconf 89' lang='lat' dir='ltr'><strong>nuscriptis</strong></span> <span class='ocrx_word' id='word_1_172' title='bbox 503 2696 576 2753; x_wconf 90' lang='lat' dir='ltr'><strong>opus</strong></span> <span class='ocrx_word' id='word_1_173' title='bbox 599 2677 740 2735; x_wconf 89' lang='lat' dir='ltr'><strong>Iohannis</strong></span> <span class='ocrx_word' id='word_1_174' title='bbox 763 2675 841 2750; x_wconf 85' lang='lat' dir='ltr'><strong>Lydi</strong></span> <span class='ocrx_word' id='word_1_175' title='bbox 863 2674 929 2754; x_wconf 78' lang='grc' dir='ltr'><strong><em>περὶ</em></strong></span> <span class='ocrx_word' id='word_1_176' title='bbox 953 2683 1056 2753; x_wconf 81' lang='grc' dir='ltr'><strong><em>μηνῶν</em></strong></span> <span class='ocrx_word' id='word_1_177' title='bbox 1079 2676 1116 2734; x_wconf 88' lang='lat' dir='ltr'><strong>ab</strong></span> <span class='ocrx_word' id='word_1_178' title='bbox 1140 2678 1207 2752; x_wconf 89' lang='lat' dir='ltr'><strong>ipso</strong></span> 
     </span>
     <span class='ocr_line' id='line_1_26' title="bbox 312 2759 1207 2842; baseline -0.001 -18"><span class='ocrx_word' id='word_1_179' title='bbox 312 2765 428 2826; x_wconf 74' lang='lat' dir='ltr'><strong>Allecto</strong></span> <span class='ocrx_word' id='word_1_180' title='bbox 445 2766 608 2842; x_wconf 87' lang='lat' dir='ltr'><strong>symmictis</strong></span> <span class='ocrx_word' id='word_1_181' title='bbox 623 2759 816 2824; x_wconf 87' lang='lat' dir='ltr'><strong>destinatum&#39;</strong></span> <span class='ocrx_word' id='word_1_182' title='bbox 829 2764 991 2823; x_wconf 88' lang='lat' dir='ltr'><strong>Marinium</strong></span> <span class='ocrx_word' id='word_1_183' title='bbox 1006 2766 1207 2841; x_wconf 80' lang='lat' dir='ltr'><strong>exscripsisse3</strong></span> 
     </span>
     <span class='ocr_line' id='line_1_27' title="bbox 313 2849 1297 2932; baseline 0 -19"><span class='ocrx_word' id='word_1_184' title='bbox 313 2849 531 2932; x_wconf 74' lang='lat' dir='ltr'><strong>‘apographum</strong></span> <span class='ocrx_word' id='word_1_185' title='bbox 552 2854 754 2914; x_wconf 88' lang='lat' dir='ltr'><strong>Marinianum</strong></span> <span class='ocrx_word' id='word_1_186' title='bbox 778 2853 880 2912; x_wconf 89' lang='lat' dir='ltr'><strong>eodem</strong></span> <span class='ocrx_word' id='word_1_187' title='bbox 906 2854 994 2913; x_wconf 90' lang='lat' dir='ltr'><strong>modo</strong></span> <span class='ocrx_word' id='word_1_188' title='bbox 1017 2855 1123 2929; x_wconf 88' lang='lat' dir='ltr'><strong>incipit</strong></span> <span class='ocrx_word' id='word_1_189' title='bbox 1147 2873 1205 2929; x_wconf 93' lang='lat' dir='ltr'><strong>quo</strong></span> <span class='ocrx_word' id='word_1_190' title='bbox 1290 2876 1297 2892; x_wconf 89' lang='lat'><strong>·</strong></span> 
     </span>
     <span class='ocr_line' id='line_1_28' title="bbox 314 2939 1204 3021; baseline -0.001 -19"><span class='ocrx_word' id='word_1_191' title='bbox 314 2944 404 3002; x_wconf 84' lang='lat' dir='ltr'><strong>codex</strong></span> <span class='ocrx_word' id='word_1_192' title='bbox 436 2943 616 3002; x_wconf 87' lang='lat' dir='ltr'><strong>Barberinus</strong></span> <span class='ocrx_word' id='word_1_193' title='bbox 651 2945 712 3001; x_wconf 78' lang='lat'><strong>277</strong></span> <span class='ocrx_word' id='word_1_194' title='bbox 751 2939 861 3021; x_wconf 77' lang='grc' dir='ltr'><strong><em>βροντὴ</em></strong></span> <span class='ocrx_word' id='word_1_195' title='bbox 892 2945 963 3020; x_wconf 65' lang='grc' dir='ltr'><strong>κτλ,</strong></span> <span class='ocrx_word' id='word_1_196' title='bbox 1001 2941 1105 3001; x_wconf 88' lang='lat' dir='ltr'><strong>finitur</strong></span> <span class='ocrx_word' id='word_1_197' title='bbox 1137 2962 1204 3001; x_wconf 90' lang='lat' dir='ltr'><strong>cum</strong></span> 
     </span>
     <span class='ocr_line' id='line_1_29' title="bbox 313 3030 1206 3108; baseline -0.001 -18"><span class='ocrx_word' id='word_1_198' title='bbox 313 3033 498 3108; x_wconf 89' lang='lat' dir='ltr'><strong>ephemeride</strong></span> <span class='ocrx_word' id='word_1_199' title='bbox 513 3031 630 3091; x_wconf 80' lang='lat' dir='ltr'><strong>Claudii</strong></span> <span class='ocrx_word' id='word_1_200' title='bbox 645 3031 760 3090; x_wconf 81' lang='lat' dir='ltr'><strong>Thusei.</strong></span> <span class='ocrx_word' id='word_1_201' title='bbox 789 3050 843 3089; x_wconf 90' lang='lat' dir='ltr'><strong>nec</strong></span> <span class='ocrx_word' id='word_1_202' title='bbox 857 3030 941 3089; x_wconf 89' lang='lat' dir='ltr'><strong>aliud</strong></span> <span class='ocrx_word' id='word_1_203' title='bbox 955 3031 1113 3089; x_wconf 84' lang='lat' dir='ltr'><strong>discrimen</strong></span> <span class='ocrx_word' id='word_1_204' title='bbox 1126 3031 1206 3090; x_wconf 90' lang='lat' dir='ltr'><strong>inter</strong></span> 
     </span>
     <span class='ocr_line' id='line_1_30' title="bbox 312 3119 1204 3198; baseline -0.002 -18"><span class='ocrx_word' id='word_1_205' title='bbox 312 3121 441 3182; x_wconf 89' lang='lat' dir='ltr'><strong>codicem</strong></span> <span class='ocrx_word' id='word_1_206' title='bbox 472 3121 668 3179; x_wconf 91' lang='lat' dir='ltr'><strong>Barberinum</strong></span> <span class='ocrx_word' id='word_1_207' title='bbox 700 3122 730 3178; x_wconf 89' lang='lat' dir='ltr'><strong>et</strong></span> <span class='ocrx_word' id='word_1_208' title='bbox 764 3121 970 3198; x_wconf 84' lang='lat' dir='ltr'><strong>apographum</strong></span> <span class='ocrx_word' id='word_1_209' title='bbox 1001 3119 1204 3178; x_wconf 89' lang='lat' dir='ltr'><strong>Marinianum</strong></span> 
     </span>
     <span class='ocr_line' id='line_1_31' title="bbox 310 3208 1202 3286; baseline -0.004 -16"><span class='ocrx_word' id='word_1_210' title='bbox 310 3211 480 3285; x_wconf 88' lang='lat' dir='ltr'><strong>intercedit,</strong></span> <span class='ocrx_word' id='word_1_211' title='bbox 507 3211 565 3270; x_wconf 91' lang='lat' dir='ltr'><strong>nisi</strong></span> <span class='ocrx_word' id='word_1_212' title='bbox 587 3210 669 3286; x_wconf 91' lang='lat' dir='ltr'><strong>quod</strong></span> <span class='ocrx_word' id='word_1_213' title='bbox 692 3227 816 3284; x_wconf 91' lang='lat' dir='ltr'><strong>sequens</strong></span> <span class='ocrx_word' id='word_1_214' title='bbox 839 3208 930 3283; x_wconf 89' lang='lat' dir='ltr'><strong>locus,</strong></span> <span class='ocrx_word' id='word_1_215' title='bbox 954 3209 1006 3284; x_wconf 92' lang='lat' dir='ltr'><strong>qui</strong></span> <span class='ocrx_word' id='word_1_216' title='bbox 1029 3209 1061 3266; x_wconf 88' lang='lat' dir='ltr'><strong>in</strong></span> <span class='ocrx_word' id='word_1_217' title='bbox 1083 3209 1139 3268; x_wconf 92' lang='lat' dir='ltr'><strong>hoc</strong></span> <span class='ocrx_word' id='word_1_218' title='bbox 1161 3210 1202 3266; x_wconf 92' lang='lat' dir='ltr'><strong>le-</strong></span> 
     </span>
     <span class='ocr_line' id='line_1_32' title="bbox 311 3294 1201 3382; baseline -0.002 -24"><span class='ocrx_word' id='word_1_219' title='bbox 311 3301 406 3378; x_wconf 84' lang='lat' dir='ltr'><strong>gitur,</strong></span> <span class='ocrx_word' id='word_1_220' title='bbox 436 3301 468 3358; x_wconf 91' lang='lat' dir='ltr'><strong>in</strong></span> <span class='ocrx_word' id='word_1_221' title='bbox 496 3299 549 3358; x_wconf 92' lang='lat' dir='ltr'><strong>illo</strong></span> <span class='ocrx_word' id='word_1_222' title='bbox 581 3299 669 3358; x_wconf 87' lang='lat' dir='ltr'><strong>desit:</strong></span> <span class='ocrx_word' id='word_1_223' title='bbox 698 3296 793 3382; x_wconf 76' lang='grc' dir='ltr'><strong><em>χρόνῳ</em></strong></span> <span class='ocrx_word' id='word_1_224' title='bbox 824 3294 855 3356; x_wconf 77' lang='grc' dir='ltr'><strong>δὲ</strong></span> <span class='ocrx_word' id='word_1_225' title='bbox 882 3297 1004 3378; x_wconf 68' lang='grc' dir='ltr'><strong><em>ὕστερον</em></strong></span> <span class='ocrx_word' id='word_1_226' title='bbox 1024 3331 1066 3338; x_wconf 98' lang='grc'>-</span> <span class='ocrx_word' id='word_1_227' title='bbox 1086 3299 1201 3377; x_wconf 80' lang='grc' dir='ltr'><em>Περγα-</em></span> 
     </span>
     <span class='ocr_line' id='line_1_33' title="bbox 310 3379 1203 3467; baseline -0.006 -18"><span class='ocrx_word' id='word_1_228' title='bbox 310 3388 390 3467; x_wconf 80' lang='grc' dir='ltr'><strong><em>μηνὰ</em></strong></span> <span class='ocrx_word' id='word_1_229' title='bbox 412 3383 564 3449; x_wconf 81' lang='grc' dir='ltr'><strong><em>καλοῦσιν’</em></strong></span> <span class='ocrx_word' id='word_1_230' title='bbox 588 3383 645 3464; x_wconf 88' lang='lat' dir='ltr'><strong>(ed.</strong></span> <span class='ocrx_word' id='word_1_231' title='bbox 664 3408 692 3463; x_wconf 93' lang='lat' dir='ltr'><strong>p.</strong></span> <span class='ocrx_word' id='word_1_232' title='bbox 714 3379 943 3467; x_wconf 81' lang='lat'><strong>14,11—20):</strong></span> <span class='ocrx_word' id='word_1_233' title='bbox 971 3387 1050 3461; x_wconf 92' lang='lat' dir='ltr'><strong>quod</strong></span> <span class='ocrx_word' id='word_1_234' title='bbox 1072 3387 1203 3444; x_wconf 88' lang='lat' dir='ltr'><strong>habetur</strong></span> 
     </span>
     <span class='ocr_line' id='line_1_34' title="bbox 310 3467 1202 3556; baseline -0.003 -22"><span class='ocrx_word' id='word_1_235' title='bbox 310 3478 342 3534; x_wconf 90' lang='lat' dir='ltr'><strong>in</strong></span> <span class='ocrx_word' id='word_1_236' title='bbox 366 3479 509 3553; x_wconf 87' lang='lat' dir='ltr'><strong>excerptis</strong></span> <span class='ocrx_word' id='word_1_237' title='bbox 531 3477 654 3536; x_wconf 82' lang='lat' dir='ltr'><strong>Maximi</strong></span> <span class='ocrx_word' id='word_1_238' title='bbox 672 3475 815 3534; x_wconf 87' lang='lat' dir='ltr'><strong>Planudis</strong></span> <span class='ocrx_word' id='word_1_239' title='bbox 840 3467 904 3556; x_wconf 85' lang='lat' dir='ltr'><strong>(Y).</strong></span> <span class='ocrx_word' id='word_1_240' title='bbox 944 3495 981 3533; x_wconf 88' lang='lat' dir='ltr'><strong>ne</strong></span> <span class='ocrx_word' id='word_1_241' title='bbox 1002 3475 1058 3533; x_wconf 91' lang='lat' dir='ltr'><strong>hoc</strong></span> <span class='ocrx_word' id='word_1_242' title='bbox 1081 3475 1202 3550; x_wconf 89' lang='lat' dir='ltr'><strong>quidem</strong></span> 
     </span>
     <span class='ocr_line' id='line_1_35' title="bbox 310 3562 1201 3644; baseline -0.003 -22"><span class='ocrx_word' id='word_1_243' title='bbox 310 3568 515 3644; x_wconf 86' lang='lat' dir='ltr'><strong>apographum</strong></span> <span class='ocrx_word' id='word_1_244' title='bbox 537 3566 625 3625; x_wconf 92' lang='lat' dir='ltr'><strong>hodie</strong></span> <span class='ocrx_word' id='word_1_245' title='bbox 643 3567 756 3624; x_wconf 89' lang='lat' dir='ltr'><strong>Romae</strong></span> <span class='ocrx_word' id='word_1_246' title='bbox 779 3564 896 3624; x_wconf 88' lang='lat' dir='ltr'><strong>videtur</strong></span> <span class='ocrx_word' id='word_1_247' title='bbox 919 3564 1045 3624; x_wconf 85' lang='lat' dir='ltr'><strong>servari:</strong></span> <span class='ocrx_word' id='word_1_248' title='bbox 1067 3564 1099 3621; x_wconf 91' lang='lat' dir='ltr'><strong>in</strong></span> <span class='ocrx_word' id='word_1_249' title='bbox 1123 3562 1201 3620; x_wconf 92' lang='lat' dir='ltr'><strong>codi-</strong></span> 
     </span>
     <span class='ocr_line' id='line_1_36' title="bbox 309 3651 1203 3731; baseline -0.004 -20"><span class='ocrx_word' id='word_1_250' title='bbox 309 3671 372 3712; x_wconf 89' lang='lat' dir='ltr'><strong>cem</strong></span> <span class='ocrx_word' id='word_1_251' title='bbox 390 3655 637 3731; x_wconf 70' lang='lat' dir='ltr'><strong>vocatores,</strong></span> <span class='ocrx_word' id='word_1_252' title='bbox 659 3657 691 3713; x_wconf 91' lang='lat' dir='ltr'><strong>in</strong></span> <span class='ocrx_word' id='word_1_253' title='bbox 711 3673 799 3731; x_wconf 89' lang='lat' dir='ltr'><strong>quem</strong></span> <span class='ocrx_word' id='word_1_254' title='bbox 818 3656 974 3730; x_wconf 88' lang='lat' dir='ltr'><strong>congestae</strong></span> <span class='ocrx_word' id='word_1_255' title='bbox 994 3656 1064 3712; x_wconf 89' lang='lat' dir='ltr'><strong>sunt</strong></span> <span class='ocrx_word' id='word_1_256' title='bbox 1081 3651 1203 3712; x_wconf 87' lang='lat' dir='ltr'><strong>Marinii</strong></span> 
     </span>
    </p>
   </div>
   <div class='ocr_carea' id='block_1_3' title="bbox 0 0 1398 4222">
    <p class='ocr_par' dir='ltr' id='par_1_3' title="bbox 0 0 1398 4222">
     <span class='ocr_line' id='line_1_37' title="bbox 0 0 1398 4222; baseline 0 4"><span class='ocrx_word' id='word_1_257' title='bbox 0 0 1398 4222; x_wconf 95' lang='lat' dir='ltr'><strong> </strong></span> 
     </span>
    </p>
   </div>
  </div>
 </body>
</html>
