2790 4214
231 270 274 334 86
457 270 566 324 LIBER
584 270 760 335 QUARTUS.
786 269 1014 326 FEBRUARIUS

167 443 217 497 XS
231 433 446 519 ὑποστροφῆς
458 436 728 520 παραφυλάττειν
741 435 803 517 τήν
821 436 936 519 φύσιν,
956 433 1011 500 καὶ
1029 433 1073 500 δι’
1097 429 1145 500 ὧν
1163 450 1242 500 συνμ

231 538 321 622 ἐστη,
358 537 401 604 δι’
434 539 544 605 αὐτῶν
580 535 682 617 αὖθις
716 540 932 608 ἀναλύεσθαι.
988 543 1242 624 τελευτήσαντος
1332 603 1340 612 .

230 654 315 728 γοῦν
338 645 537 732 ἀνθρώπου,
564 644 618 711 ἐπὶ
640 643 702 732 μὲν
729 654 786 731 τής
808 651 920 735 τρίτης
947 647 1138 713 ἀλλοιοῦται
1160 669 1243 712 παν-

230 757 331 828 τελῶς
360 750 415 816 καὶ
445 754 506 836 τήν
537 753 717 837 ἐπίγνωσιν
746 765 804 840 τῆς
837 757 943 833 ὅψεως
974 757 1174 822 διαπόλλυσι
1204 755 1242 820 τὸ

205 870 338 942 εσῶμα·
367 856 420 923 ἐπὶ
443 855 480 923 δέ
502 867 560 942 τῆς
583 859 721 944 ἐννάτης
744 862 874 946 διαρρεῖ
897 861 1044 945 σύμπαν,
1072 864 1120 926 ἐτι
1145 864 1243 939 σωζο-

229 963 331 1050 μένης
349 964 439 1053 αύτῷ
457 975 515 1050 τῆς
532 967 683 1052 καρδίας·
706 965 759 1032 ἐπὶ
778 964 816 1032 δὲ
834 976 891 1051 τῆς
909 976 1170 1054 τεσσαρακοστῆς
1187 964 1243 1033 καὶ

230 1072 313 1156 αὕτη
336 1075 584 1138 συναπόλλυται
607 1081 653 1161 τῷ
675 1078 783 1139 παντί.
820 1075 877 1139 διά
897 1083 995 1140 τοῦτο
1014 1061 1130 1162 τρίτην
1147 1073 1243 1139 ἐννά-

228 1202 291 1262 την
313 1177 368 1244 καί
387 1181 651 1266 τεσσαρακοστήν
670 1178 723 1246 ἐπὶ
742 1191 809 1245 τῶν
827 1183 1039 1264 τεθνηκότων
1057 1181 1243 1264 φυλάττου-

229 1302 285 1350 σιν
308 1287 342 1350 ol
365 1283 569 1369 ἐναγίζοντες
592 1286 716 1371 αὐτοῖς,
737 1296 796 1371 τῆς
818 1285 856 1351 τέ
874 1309 954 1352 ποτε
978 1289 1165 1363 συστάσεως
1185 1295 1243 1370 τῆς

191 1419 217 1458 1⁰
231 1415 266 1457 τε
288 1390 355 1476 μεί
379 1391 511 1476 ἐκείνην
534 1392 712 1470 ἐπιδόσεως
733 1392 843 1458 καὶτὸ
865 1394 906 1476 δή
925 1393 1027 1480 πέρας
1045 1393 1243 1478 τῆςιάναλύ-

229 1517 312 1575 σεως
334 1497 656 1583 ἐπιμιμνησκόμενοι.
1213 1529 1214 1532 “
1390 1560 1392 1564 .

196 1616 213 1669 S
296 1605 347 1669 27.
363 1602 580 1672 ὍτιΓάλλων
588 1609 850 1692 παραλαβόντων
859 1606 1052 1691 τήνῬάμην
1065 1607 1083 1672 δ
1098 1609 1297 1673 Κά-ΒιΝεε

230 1700 347 1796 μιλλος
370 1717 568 1799 συναγείρας
590 1717 720 1796 πλῆθος
737 1712 869 1799 ἀθρόον
889 1712 1041 1797 ἐμπίπτει
1058 1724 1128 1790 τοῖς
1145 1718 1242 1779 πολε·

230 1821 331 1901 μίοις·
359 1815 414 1882 καὶ
437 1820 542 1902 μάχης
564 1829 723 1906 κρατερᾶς
745 1819 925 1904 γενομένης
946 1819 1162 1886 κλωσθέντων
1185 1819 1243 1885 αὐ-

180 1934 300 2000 ἀετοῖς
321 1936 389 1989 τῶν
412 1923 520 2010 ξιφῶν
542 1929 607 1991 σύν
628 1925 683 1992 καὶ
706 1937 776 2003 τοῖς
798 1927 914 2004 ὅπλοις
932 1965 973 1974 -
994 1929 1085 1992 οὔπω
1108 1930 1172 2013 γάρ
1194 1944 1243 1992 σι-

231 2030 345 2116 δηροῖς
368 2030 512 2116 ἐχρῶντο
527 2032 678 2118 Ῥωμαῖοι
700 2031 839 2119 θώραξι,
862 2039 996 2118 χαλκοῖς
1019 2031 1057 2100 δὲ
1079 2036 1161 2099 κατὰ
1183 2035 1244 2116 τήν

230 2139 432 2221 παλαιότητα
454 2139 558 2204 -τὸ
587 2141 709 2205 λοιπὸν
728 2141 775 2215 εἰς
802 2150 913 2226 χεῖρας
942 2140 1055 2206 ἐλθεῖν
1078 2139 1187 2205 ἕλκειν
1209 2163 1244 2204 τε

168 2255 217 2310 SX
232 2243 396 2327 ἀλλήλους
419 2247 455 2310 ἔκ
477 2268 512 2310 τε
534 2256 601 2310 τῶν
622 2251 750 2328 λοφιῶν
767 2258 835 2310 τῶν
853 2252 1119 2332 περικεφαλαιῶν
1136 2245 1191 2311 καὶ
1210 2246 1243 2325 ἐξ

197 2363 215 2416 S
231 2349 342 2416 αὐτῶν
364 2350 478 2436 μέντοι
499 2363 566 2418 τῶν
584 2362 644 2418 τοῦ
662 2353 821 2435 πώγωνος
839 2365 975 2439 τριχῶν·
997 2352 1091 2430 τέλος
1110 2349 1147 2418 δέ
1163 2355 1244 2430 τοὺς

191 2486 218 2524 εο
231 2458 423 2543 βαρβάρους
444 2458 590 2542 ἀπήλασε
613 2457 668 2524 καὶ
682 2458 807 2543 Ῥύμην
830 2459 992 2546 ἐρρύσατο
1015 2456 1070 2524 καὶ
1089 2460 1244 2545 δεύτερος

226 2561 389 2648 Ῥωμύλος
406 2565 596 2650 ὠνομάσθη.
633 2563 688 2629 καί
703 2565 807 2642 οὕτως
821 2565 1011 2652 ἀποκείρειν
1028 2590 1063 2632 τε
1081 2568 1160 2643 τοὺς
1177 2567 1244 2630 πά-

230 2693 339 2752 γωνας
353 2669 402 2735 ἐπ’
416 2673 522 2757 ἀκρον
535 2671 590 2737 καλ
605 2673 763 2757 σιδηροῦς
777 2674 856 2748 τοὺς
872 2673 1029 2757 θώρακας
1045 2673 1245 2743 κατασκευά-

230 2780 298 2856 ζειν
311 2775 462 2842 τέτακται
480 2776 535 2843 καί
553 2779 635 2842 ἀνευ
653 2783 783 2861 λοφιῶν
800 2780 858 2855 τάς
875 2782 1134 2863 περικεφαλαίας
1149 2782 1244 2864 ἔχειν.

122 2895 272 2951 XGedren.
293 2884 345 2948 28.
462 2883 500 2950 ἐν
526 2895 565 2971 τῇ
592 2885 677 2972 πρὸς
700 2887 807 2969 δήμου
835 2885 992 2972 όρατίωνι
1016 2884 1119 2951 οἱονεὶ
1142 2904 1244 2971 προσ·
1263 2903 1297 2951 23

230 3078 559 3217 τρίτοίκάὶγέἀιάάάἀγάἀί
569 3077 911 3218 ἔσοαράκάτότάῃδῗετόςίτη
927 3079 1064 3230 ἐάἀῗήῗάὶ
1077 3079 1126 3202 ηαδ
1140 3078 1245 3218 iffa-¹

119 3289 129 3295 s
231 3218 315 3277 κότον
333 3222 361 3274 Α
440 3219 665 3290 9ἐναγιόζοντες
681 3221 709 3274 A
734 3221 738 3292 Ι
765 3221 860 3284 αὐτοῖς
878 3237 957 3274 oms,
977 3220 999 3275 S
1021 3222 1025 3289 Ι
1050 3227 1099 3289 τῆς
1117 3219 1196 3276 omis.
1216 3221 1248 3275 X

232 3297 264 3344 11
283 3289 550 3362 ἐπιμιμνησιιόμενος
564 3293 592 3345 Β
665 3297 698 3346 12
718 3291 732 3346 δ
750 3291 880 3360 κάμιλλος
893 3291 993 3360 ὥρισεν
1007 3289 1168 3360 ἀποκείρειν
1181 3293 1246 3353 τοὺς

230 3364 368 3432 πώγωνας
382 3361 426 3417 ἐπ’
444 3363 541 3432 ἀκρον,
559 3363 595 3426 ὡς
613 3362 650 3432 μὴ
670 3361 839 3431 δράττεσθαι
852 3363 946 3419 αὐτῶν
959 3364 1025 3425 τούς
1038 3359 1184 3425 ἐναντίους
1197 3361 1246 3416 διά

230 3433 282 3502 τὴν
297 3437 440 3506 συμβᾶσαν
450 3431 585 3504 πρότερον
600 3433 700 3504 μάχην,
715 3433 745 3490 ἐν
759 3429 777 3500 ἡ
791 3431 883 3489 εἷλκον
892 3433 1026 3501 ἀλλήλους
1035 3435 1132 3503 (18)-
1142 3440 1175 3488 19
1188 3453 1246 3502 τρι-

249 3513 288 3558 ῶν
307 3504 338 3557 Χ
408 3511 472 3573 §28
489 3508 602 3576 praeter
620 3507 652 3559 X
673 3506 761 3560 habet
780 3505 894 3560 Gedren.
913 3505 978 3560 hist.
998 3521 1087 3596 οοωρ.
1106 3523 1133 3575 p.
1149 3510 1245 3574 296‚9

231 3523 319 3628 ἀλοοω.
376 3581 409 3630 25
429 3574 554 3644 όρατίονι
567 3577 599 3631 Χ
611 3580 618 3646 Ι
633 3576 664 3631 ἐν
677 3585 711 3648 τῇ
726 3609 760 3618 -
774 3575 979 3658 προσφωηήσει]
995 3575 1115 3644 όρατιων
1129 3577 1147 3646 ἡ
1161 3592 1246 3645 προσ-

232 3645 357 3714 φώνησις
374 3649 439 3715 post
457 3646 531 3703 ἐστὶν
549 3666 576 3716 p.
592 3652 664 3717 87,1
686 3648 824 3703 collocata
842 3647 957 3702 exh1bet
975 3647 1089 3702 Gedren.
