2790 4214
336 223 341 234 Ι
405 272 516 328 LIBER,
532 273 707 338 QUARTUS.
736 274 899 330 MARTIUS
1113 275 1156 340 95

141 439 162 521 6
202 440 347 521 μεσιτεία
383 447 451 502 τῶν
482 435 635 523 ἀνωτέρω
667 435 969 522 μνημονευθέντοιν
1001 437 1193 524 ἀριθμιῖενὸ

144 548 255 620 καλῶς
276 544 356 627 μετὰ
378 553 446 610 τῶν
469 545 590 627 φώτων
614 541 684 610 ἑνοῖ
705 541 761 609 καὶ
783 544 950 610 συνάπτει.
997 545 1097 620 ἀλλος
1120 541 1158 609 δὲ

147 647 259 724 οὐδεὶς
276 648 425 736 ἀριθμοῦ
444 651 627 734 σύνδεσμος
642 651 834 734 συμβιβάζει
847 652 927 734 μετὰ
940 661 1010 716 τῶν
1024 651 1158 735 φύντων·

147 755 271 822 ούιιούν
298 757 330 821 οἱ
357 753 419 841 μὲν
446 766 504 840 τῆς
525 755 723 842 ’Λφροάίτης
749 753 804 822 καὶ
832 766 894 822 τού
915 758 1000 833 Διὸς
1025 755 1159 841 ἀστέρες

147 862 203 926 ἀιά
225 862 354 927 τούτων
376 873 443 928 τῶν
470 861 626 948 ἀριθμῶν
649 860 788 950 ἑκατέρῳ
812 873 880 928 τῶν
907 865 1029 947 φώτων
1057 865 1158 928 σννά-
1184 889 1199 930 ε

144 991 293 1052 ττονται,
316 967 387 1034 ἀλλ’
409 969 427 1035 6
447 965 508 1053 μὲν
525 978 584 1035 τοῦ
603 969 688 1045 Διὸς
705 975 751 1055 τῷ
768 968 852 1057 ἡλίῳ
875 970 931 1036 ἀιά
949 969 1094 1053 πάντων,
1117 979 1155 1055 τῇ

145 1071 182 1140 66
197 1077 318 1160 σελήνῃ
332 1075 388 1140 ἀιά
401 1078 576 1159 πλειόνων,
594 1075 612 1141 6
631 1071 669 1140 ἀὲ
683 1083 740 1158 τῆς
754 1073 954 1161 Ἀφροδίτης
971 1085 1011 1162 τῇ
1029 1073 1091 1161 μὲν
1105 1097 1157 1142 σε·

144 1183 228 1266 λήνῃ
252 1181 309 1246 διὰ
330 1181 481 1265 τάντων,
504 1189 550 1269 τῷ
571 1179 600 1244 δ’
618 1180 702 1268 ἡλίφ
721 1181 777 1246 διὰ
799 1184 965 1246 πλειόνων
984 1181 1165 1266 ἁρμόζεται-

144 1287 307 1373 ἀριθμῶν.
345 1285 504 1352 ἐντεῦθεν
522 1289 551 1352 εἰ
569 1285 623 1351 καί
642 1289 682 1352 τά
700 1289 840 1370 μάλιστα
858 1288 988 1354 τούτων
1002 1285 1164 1373 ἑκάτερον.

144 1392 368 1476 ἀμαθοιιοιύν,
395 1392 414 1458 6
436 1402 497 1457 τοῦ
520 1394 604 1468 Διὸς
631 1392 719 1476 ὅμως
741 1392 845 1479 ἀστὴρ
869 1395 933 1458 σὺν
958 1393 1041 1481 ἡλίῳ
1066 1399 1156 1460 λυσι-
1171 1423 1207 1473 ιο;

144 1497 332 1583 τελέστερύς
355 1497 434 1580 ἐστι,
456 1495 511 1562 καὶ
534 1497 552 1564 6
575 1506 633 1580 τῆς
651 1496 848 1584 Ἀφροδίτης
871 1502 935 1564 σὺν
958 1510 999 1586 τῇ
1022 1503 1157 1586 σελήνῃ·

145 1605 178 1668 ολ
196 1599 234 1670 δὲ
251 1612 313 1668 τοῦ
330 1605 467 1689 Κρόνου
485 1600 540 1667 καὶ
553 1601 671 1689 ’Ἀρεος
689 1602 822 1690 ἀστέρες
840 1605 945 1682 οὕτως
964 1605 1025 1672 ούκ
1044 1609 1158 1690 έχουσι

144 1709 229 1794 πρὸς
267 1709 307 1773 τά
345 1719 439 1793 φῶτα
478 1709 658 1794 σύμβασιν,
698 1711 743 1787 ὥς
780 1734 847 1775 τινι
888 1711 1001 1796 μέντοι
1038 1712 1157 1800 ἐσχάτῃ

145 1814 300 1900 ἀριθμῶν
332 1814 471 1898 ἐμφύσει
502 1816 562 1880 τὸν
593 1810 654 1899 μὲν
685 1817 822 1898 Κρόνον
855 1819 938 1904 πρὸς
970 1818 1029 1883 τὸν
1060 1819 1157 1902 ἥλιον

144 1920 291 2007 ἀφορᾶν,
322 1922 382 1988 τὸν
414 1917 451 1986 66
473 1920 579 2007 ’Ἁρην
609 1923 692 2007 πρὸς
723 1923 784 2006 τὴν
816 1928 966 2008 σελήνην.
1011 1923 1067 1990 καὶ
1100 1926 1156 1992 διὰ
1169 1953 1208 1993 ιτ-

145 2036 248 2092 ταύτοι
269 2023 369 2110 ἦττον
390 2026 551 2112 ὠφέλιμοι
573 2037 613 2114 τῇ
636 2027 833 2118 ἀνθρωπίνῃ
856 2033 996 2097 δοκοῦσι
1018 2035 1095 2118 ζωῇ·
1123 2037 1158 2097 τί

144 2130 182 2198 66
204 2135 325 2216 δήποτε
353 2131 408 2198 καὶ
430 2131 526 2198 αύτοί
554 2131 625 2200 ἐσθ’
650 2134 703 2199 ὅτε
729 2133 785 2199 καὶ
812 2142 959 2203 πλοῦτον
986 2137 1042 2202 καὶ
1064 2160 1155 2220 περι-

144 2240 286 2324 φάνειαν
308 2251 377 2316 τοῖς
404 2239 596 2326 ἀνθρώποις
622 2239 778 2326 παρέχειν
805 2244 1032 2326 πιστεύονται,
1061 2242 1155 2330 ἑτέρᾳ

143 2355 243 2412 τοῦτο
267 2345 408 2425 ἐξετάσει
429 2349 596 2432 προσήκει.
641 2347 659 2411 6
686 2370 724 2430 γε
751 2349 817 2431 μὴν
840 2353 1013 2425 Πλυτῑνος
1041 2349 1077 2414 έν
1104 2353 1155 2433 βι-

144 2455 228 2540 βλίῳ
254 2460 301 2540 τῷ
330 2451 583 2540 ἐπιγραφομένῳ
613 2452 717 2529 Ὅπως
746 2464 835 2519 ποιεῖ
863 2454 904 2518 τὰ
930 2455 1050 2540 ἀστρα’
1078 2454 1154 2539 περὶ
1168 2485 1196 2524 ιο

143 2560 266 2624 τούτου
288 2559 557 2643 ἀποφαινόμενύς
579 2577 672 2643 φησι,
697 2557 801 2644 μηδὲν
822 2559 843 2644 6
867 2562 1006 2646 ἀυνάμει
1024 2561 1045 2644 6
1065 2561 1155 2640 ἐξου-

143 2669 200 2752 σίᾳ
222 2665 350 2732 τούτων
376 2675 447 2742 τοῖς
473 2664 667 2752 ἀνθρώποις
695 2669 905 2751 συμβαίνειν,
933 2666 1004 2733 ἀλλ’
1027 2669 1110 2754 ἀτερ
1133 2667 1153 2750 6

143 2781 201 2855 τῆς
222 2776 319 2848 θείας
341 2773 531 2855 οἰκονομίας
554 2771 679 2856 ἀνάγκη
701 2771 849 2852 έαάστοις
868 2774 1044 2858 ἐκύρωσεν,
1067 2774 1153 2840 ούτυ

144 2878 201 2943 ἀιά
223 2886 284 2943 ταῦ
306 2888 374 2942 τῶν
401 2875 481 2942 §mdc
507 2879 636 2944 τούτων
661 2881 895 2965 ττροοτοὸισμοῦ
922 2879 943 2964 6
972 2890 1154 2968 στηριγμοῦ

143 2982 163 3066 6
195 2984 427 3067 ὑποτοάισμοῦ
459 2985 671 3068 δείκνυσθαι,
703 2987 813 3072 ὥσπερ
844 2985 901 3051 καὶ
933 2985 1048 3052 οἰωνοὶ
1079 2989 1153 3070 ἤτοι
1166 3015 1194 3056 ετ

143 3091 379 3176 περιπτάμενοι
396 3089 416 3173 6
436 3089 653 3176 ἀτρεμοῦντες
671 3093 712 3156 τά
729 3091 892 3176 μέλλοντα
909 3104 980 3170 ταῖς
997 3091 1154 3177 πτέρυξιν

143 3195 163 3279 6
187 3207 258 3272 ταῖς
281 3207 409 3279 φωναῖς
428 3201 647 3281 σημαίνουσιν
665 3199 797 3274 εἰδότες.
842 3209 902 3265 τοῦ
920 3203 1099 3264 Πλωτίνου
1118 3198 1154 3265 ἐκ

213 3371 238 3407 v.
254 3357 286 3406 19
307 3353 340 3408 cf.
359 3353 462 3409 Plotin.
481 3353 598 3424 Ε1111.Π,
619 3361 634 3408 3
658 3356 721 3423 περὶ
738 3363 788 3409 τοῦ
807 3355 833 3409 εί
850 3364 927 3409 ποιεῖ
942 3354 978 3408 τά
997 3354 1084 3423 ἀστρα
1103 3361 1152 3422 §3

143 3425 212 3479 extr
284 3429 318 3478 27
337 3424 409 3481 Plot.
423 3425 494 3480 Eun
509 3425 544 3494 Π,
559 3431 583 3494 3
598 3431 614 3479 8

213 3571 269 3619 119
289 3563 476 3636 ἑκατέρωνιῗ,
500 3584 567 3622 corr.
588 3566 638 3622 Gn.
653 3567 732 3622 Kroll
805 3574 837 3621 13
857 3564 951 3636 μέντοι
968 3565 986 3636 6
1006 3567 1152 3640 ἐσχάτηιῖ,

142 3631 233 3702 ἢάθί.
253 3634 304 3691 (ἀει
322 3635 401 3692 Kroll
