2760 4234
427 287 534 341 LIBER
552 285 728 352 QUARTUS.
756 289 879 344 IUNIUS
1095 290 1158 354 139

148 456 353 516 καλοῦσι-
377 449 559 535 ὁμωνύμως
582 450 707 536 ἐκείνης
725 451 858 518 Ἑστίαν
885 448 985 536 εἶναι,
1014 451 1100 534 λέγει
1124 449 1194 518 θέὸ

149 555 252 622 οὕτω·
285 555 355 621 εκαλ
387 557 423 621 τὸ
456 552 518 640 μέν
546 557 746 641 ἡγεμονικὸν
774 568 832 642 τῆς
861 562 956 635 θείας
989 559 1159 643 δυνάμεως

144 663 257 729 Ἑστία
289 660 458 747 κέκληται,
493 658 533 746 ἧς
569 665 698 749 ἄγαλμα
729 665 935 749 παρθενικὸν
966 663 1019 749 ἐφ’
1053 663 1159 741 ἑστίας

150 770 296 856 ἵδρυται*
327 766 403 835 καθ’
432 769 449 834 ὃ
482 766 520 834 δέ
545 773 682 855 γόνιμος
708 768 729 853 ἡ
760 770 909 854 δύναμις,
940 774 1160 855 σημαίνουσιν

151 876 255 959 αὐτὴν
278 876 434 959 γυναικὸς
455 877 536 941 είὸει
559 876 770 963 προμολστου.’
816 878 848 942 ολ
872 873 909 942 δέ
927 876 1093 963 Ῥωμαίων
1116 879 1160 944 λε·
1187 902 1199 943 ε

150 984 313 1070 ροφοίνται
336 979 436 1047 οὐδὲν
456 981 571 1067 ἕτερον
588 983 767 1066 βούλονται
786 977 872 1047 είναι
891 982 995 1067 αὐτὴν
1013 982 1034 1066 ἢ
1052 986 1160 1068 μόνην

149 1090 211 1173 τὴν
232 1098 303 1173 γῆν.

94 1205 218 1260 RrIV60
243 1194 294 1259 95.
319 1193 392 1281 Πρὸ
416 1202 476 1258 τοῦ
499 1195 644 1277 μεγάλου
666 1199 896 1278 κατακλυσμοῦ
919 1195 981 1278 τὴν
1001 1199 1199 1260 ΣικελίανΧ

149 1302 193 1386 μὴ
216 1309 320 1384 νῆσον
343 1293 432 1365 εἶναί
452 1316 557 1383 φασιν
579 1299 623 1375 έις
646 1301 790 1385 σήμερον
814 1298 884 1365 ἀλλ’
907 1302 1046 1386 ἤπειρον
1069 1300 1160 1384 γενέ-

150 1414 232 1472 σθαι
255 1403 468 1490 συνημμένην
490 1414 529 1490 τῇ
552 1404 694 1490 ὕστερον
711 1403 843 1492 Ἰταλίᾳ,
866 1404 902 1470 έκ
920 1402 1033 1489 θέτης
1051 1416 1157 1492 φορᾶς
1173 1432 1198 1471 ιο

150 1523 218 1576 τῶν
240 1511 275 1576 ἐκ
298 1521 355 1595 τῆς
379 1510 578 1586 έπικλύσεοις
601 1509 773 1596 ῥευμάτων
800 1522 867 1576 τῶν
893 1510 992 1597 ῥιζῶν
1013 1511 1160 1577 ἀποσπα-

151 1624 291 1683 σθεῖσαν
312 1626 417 1701 νῆσον
444 1615 721 1701 ἀποκαταστῆναι,
747 1615 803 1682 καὶ
831 1618 887 1682 διὰ
913 1626 1012 1682 τοῦτο
1030 1616 1161 1701 Ῥήγιον

152 1721 215 1787 ἀπὸ
239 1732 296 1807 τῆς
320 1722 441 1810 ῥήξεως
464 1723 694 1807 ὀνομασθῆναι
716 1725 754 1789 τὸ
776 1725 923 1811 πλευρὸν
944 1733 1002 1807 τῆς
1020 1722 1160 1801 Ἰταλίας

150 1828 267 1913 ἐκεῖνο,
291 1828 323 1908 ἐξ
347 1825 449 1915 οὗπερ
472 1828 650 1915 ἀπέρρωγε.
686 1832 850 1917 πρότερον
872 1827 909 1895 δὲ
928 1834 1073 1897 Σικανία
1091 1830 1159 1898 έλέ-

150 1959 226 2018 γετο
253 1935 274 2019 ἡ
297 1936 444 2000 Σικελία.
488 1934 650 2019 ἡἸταλία
677 1935 772 2002 ἐννέα
799 1937 954 2025 ἐπαρχίας
981 1941 1055 2023 ἔσχε
1081 1940 1159 2003 ταύ-
1174 1964 1199 2005 τι

150 2062 221 2118 τας·
244 2045 446 2126 Καμπανίαν
463 2040 643 2108 Ἀπουλίαν
668 2047 836 2110 Θουσκίαν
856 2048 1051 2131 Καλαβρίαν
1071 2045 1159 2130 Οὐμ-

151 2152 250 2234 βρίαν
272 2153 468 2234 Δαλματίαν
492 2152 683 2214 Λουκανίαν
706 2154 866 2236 Βρεττίαν
889 2155 1055 2216 Σικελίαν.

96 2273 132 2322 60
218 2256 269 2321 96.
293 2256 467 2340 ....πρὸς
490 2258 667 2340 Προυσίαν
689 2265 746 2339 της
768 2259 934 2331 Βιθυνίας
957 2256 1101 2340 βασιλέα.

98 2379 131 2428 61
220 2360 271 2424 97.
295 2362 394 2447 Παρὰ
412 2371 482 2437 τοῖς
501 2364 750 2446 Πυθαγορείοις
767 2361 788 2444 η
807 2362 889 2437 δυὰς
906 2362 951 2437 ὡς
967 2361 1068 2427 θέσιν
1085 2365 1160 2428 τινὰ

151 2465 206 2532 καὶ
229 2466 418 2554 έπιβοίθραν
439 2474 486 2553 τῷ
503 2465 637 2553 ἀριθμῷ
656 2466 816 2532 ἐπιδοῦσα
835 2465 986 2550 ἐλευσίνη
1003 2475 1160 2553 καλεῖται,
1174 2496 1201 2536 ιο

151 2574 196 2650 ὡς
218 2571 415 2661 προέλευσιν
443 2571 496 2638 ἐπὶ
523 2574 560 2638 τὸ
588 2577 704 2638 πλεῖον
726 2571 781 2638 καὶ
804 2573 942 2658 ίίπειρον
963 2573 1159 2660 παρέχουσα.

98 2690 222 2747 deesth
245 2680 296 2744 98.
318 2677 389 2744 Ὅτι
412 2679 429 2745 ὁ
448 2680 604 2763 Εὔδημος
627 2697 741 2763 φησιν,
764 2677 801 2744 ἐν
824 2677 967 2756 Πέλταις
988 2690 1046 2765 τῆς
1071 2687 1193 2769 &pv-S

151 2789 226 2870 γίας
249 2789 350 2851 λίθον
372 2783 530 2868 γενέσθαι
552 2782 631 2850 ποτὲ
653 2767 864 2871 τετράπεθον,
887 2785 927 2850 ὃν
946 2788 986 2870 δὴ
1004 2793 1160 2873 νηνεμίας

153 2894 254 2975 οὔσης
285 2894 363 2967 τοὺς
396 2892 565 2976 γεωργοὺς
599 2889 820 2968 ὑποτιθέντας
857 2890 938 2970 ξύλα
975 2896 1162 2980 στρογγύλα

153 2997 295 3084 ἐξαίρειν
318 2995 373 3062 καὶ
401 2994 543 3081 ἀνέμους
569 3008 694 3063 ποιεῖν·
722 2995 773 3082 ἐφ’
798 2997 878 3063 ὅσον
900 2997 931 3063 θ’
954 2999 997 3064 ίλν
1019 2999 1160 3087 έξηρέθη
1175 3025 1200 3067 τε

153 3105 171 3172 ὁ
195 3108 302 3188 λίθος,
326 3101 379 3168 ἐπὶ
401 3112 540 3168 τοσοῦτο
564 3104 605 3188 δὴ
628 3105 768 3190 ἰσχυρῶς
787 3103 973 3171 ἀνατείνειυ
991 3108 1069 3184 τοὺς
1088 3106 1161 3173 ἀνέ-

223 3332 248 3369 v.
264 3320 296 3368 22
315 3313 457 3367 Eudemus
475 3312 510 3368 of.
528 3313 655 3387 FHGJH
673 3332 699 3384 p.
716 3320 764 3368 20⁸

224 3528 248 3564 v.
265 3514 299 3563 14
319 3506 459 3577 ἀνέρρωσε
478 3508 506 3561 Β
597 3513 629 3562 15
648 3507 782 3581 ἐπαρχίας
804 3509 882 3565 omis.
901 3511 929 3564 Β
1020 3516 1053 3565 16
1072 3512 1160 3568 ἀπου-

154 3579 236 3648 λήλαν
253 3581 281 3635 A
304 3582 308 3649 Ι
329 3576 473 3652 θυμβρίαν
492 3579 529 3648 Χ,
549 3576 685 3650 οὐμβρίαν
704 3597 772 3636 corr.
786 3581 813 3635 A
886 3586 919 3635 17
937 3580 1103 3654 βρεττανίαν
1121 3585 1160 3655 X,

155 3651 230 3720 quod
248 3650 354 3706 correxi
426 3656 459 3705 18
478 3647 613 3704 πλουσίαν
631 3651 660 3704 Β
