2790 4214
534 292 642 346 LIBER
659 293 794 348 PRIMUS
1053 365 1054 368 ρ
1129 299 1170 363 15

110 461 149 515 Rr
159 461 180 530 1,
191 467 225 516 26
250 451 300 517 30.
316 450 443 518 Ἐδόκει
462 450 523 538 μὲν
541 452 654 540 μηκέτι
673 455 721 520 ἐπ’
745 456 878 544 ἀγοράς,
897 457 968 525 ἀλλ’
992 459 1087 548 ἐντῷ
1102 466 1173 526 Πα-
1186 473 1213 526 Χ

163 561 263 647 λατίιμ
287 559 348 642 τὴν
370 561 497 644 βουλὴν
520 562 736 646 συνάγεσθαι,
759 564 820 647 τὴν
841 561 878 631 δὲ
897 565 1056 651 τοιαύτην
1074 569 1172 634 σύνο-

163 666 225 736 δον
246 665 429 754 κομβέντον
451 669 531 743 ἔθος
549 667 719 753 Ῥωμαίοις
740 675 868 754 καλεῖν,
892 669 967 738 ἀντὶ
992 683 1052 738 τοῦ
1075 673 1172 740 συνέ-

163 777 285 838 λευσιν.
332 782 426 857 σιγῆς
449 770 486 838 δε
509 785 578 850 τοῖς
600 780 736 853 πολλοῖς
763 777 1020 862 βουλευομένοις
1042 781 1106 846 δεῖ·
1137 781 1172 846 ἐκ

161 888 218 963 της
247 878 322 966 περὶ
352 881 413 963 την
442 881 541 964 σιγην
571 882 719 966 σπουδῆς
745 921 788 929 -
817 883 983 951 σιλέντιον
1010 884 1040 950 δ’
1068 886 1172 971 αὐτην
1199 905 1212 946 5

161 989 306 1071 πατρίως
328 993 489 1054 καλοῦσιν
510 1026 555 1034 -
578 993 820 1076 σιλεντιαρίους
843 993 978 1073 ἔκριναν
999 992 1191 1077 ὀνομάζεινΙ

162 1092 292 1170 αύτούς.
337 1093 472 1159 πάντων
493 1090 532 1158 δὲ
556 1096 675 1179 σχεδὸν
698 1095 946 1179 ίναλλαγέντων
969 1097 1111 1184 διέμεινε
1133 1102 1170 1166 τὸ

161 1209 221 1265 τοῦ
245 1199 426 1284 λεγομένου
449 1205 633 1287 μαγίστρου
656 1205 856 1288 φρόντισμα·
881 1203 1031 1270 ἐπείθετο
1054 1202 1093 1270 δὲ
1114 1207 1171 1271 αὐ-

161 1314 207 1393 τῷ
239 1305 330 1385 τάξις
361 1330 411 1383 τις
442 1310 646 1391 πεντήκοντα
677 1309 737 1372 τὸν
773 1309 920 1395 ἀριθμὸν
952 1310 1102 1396 ἀνδρῶν,
1139 1315 1174 1376 ολ

162 1413 423 1498 φρουμεντάριοι
441 1411 497 1477 καὶ
515 1407 694 1499 κουρίωσοι
713 1416 1011 1502 προσηγορεύοντο,
1030 1408 1104 1482 οἷον
1123 1434 1173 1482 σι-1
1184 1442 1211 1481 ιο

161 1530 263 1584 τῶναι
285 1517 340 1583 καὶ
363 1523 544 1605 περίεργοι·
567 1517 623 1584 καλ
647 1521 679 1585 ολ
697 1516 758 1605 μὲν
782 1532 917 1586 σιτῶναι
936 1532 993 1606 τῆς
1012 1521 1171 1607 εὐθηνίας

161 1636 228 1690 τῶν
242 1624 279 1690 ἐν
293 1633 338 1712 τῷ
353 1629 511 1714 Παλατίῳ
525 1625 727 1711 ἀντείχοντο,
746 1629 779 1692 ολ
793 1624 830 1693 δὲ
844 1632 1013 1715 περίεργοι
1026 1629 1171 1713 ἡγοῦντο

161 1741 221 1797 τοῦ
244 1733 408 1817 δημοσίου
430 1734 566 1818 δρόμου.

117 1853 151 1901 2‘1
229 1838 280 1902 31.
303 1840 556 1925 Κλαβουλάριος
579 1840 788 1924 ὀχηματικός·
811 1843 936 1926 κλάβον
958 1844 1022 1927 γάρ
1045 1843 1105 1908 τὸν
1123 1849 1170 1908 οί-

161 1968 223 2009 ακα
245 1950 413 2010 καλοῦσιν.
1183 1974 1210 2015 15

117 2065 150 2113 28
228 2052 280 2116 32.
303 2050 430 2136 Βηλυξ,
454 2051 541 2136 ὀξύς,
565 2052 602 2129 ὃς
624 2051 679 2119 καὶ
702 2055 934 2141 βεραιδαρικὸς
957 2057 1004 2120 ἔτι
1027 2054 1082 2121 καλ
1105 2067 1170 2123 νῦν

161 2155 298 2240 λέγεται.
343 2159 520 2244 βεραίδους
548 2156 585 2224 δὲ
604 2158 742 2236 Ἰταλοῖς
765 2155 851 2226 εἶναι
875 2162 966 2227 δοκεῖ
988 2165 1066 2239 τοὺς
1087 2163 1170 2229 ὑπο-

161 2266 293 2354 ζυγίους
311 2265 432 2341 ἵππους
451 2313 525 2330 ....
545 2265 624 2350 ὅπερ
644 2264 744 2349 ἐστίν,
763 2265 872 2332 ἕλκειν
889 2267 927 2332 τὸ
944 2269 1062 2353 ὄχημα·
1086 2269 1169 2334 ὅθεν

160 2367 215 2434 καλ
239 2371 422 2436 δασύνουσι
444 2373 630 2457 γράφοντες
652 2373 689 2438 τὸ
714 2372 830 2458 βαίδας
853 2374 958 2458 ὄνομα
979 2373 1014 2439 ἐκ
1032 2384 1093 2440 τοῦ
1112 2375 1168 2461 ῥηι-

160 2476 240 2553 δίως
264 2475 481 2563 ἐπιρρήματος
503 2476 729 2564 παρηγμένον·
753 2481 785 2544 οἱ
807 2479 870 2565 γάρ
894 2482 1071 2566 βεραίδους
1090 2483 1168 2558 τοὺς
1183 2509 1209 2548 ιο

46 2587 48 2592 ’
160 2582 276 2668 ῥαίδας
300 2583 391 2660 ε’κτὸς
414 2583 565 2668 λέγοντες
588 2586 719 2671 σφόδρα
741 2591 940 2650 πλανῶνται.

115 2705 148 2754 29
227 2691 278 2756 33.
298 2689 542 2777 Ἀντικουάριοι
561 2693 594 2757 οἱ
612 2690 866 2775 κατάἝλληνοις
883 2694 1112 2777 καλλιγράφοι.

114 2811 149 2860 30
226 2797 277 2862 34.
297 2795 331 2860 ‘0
355 2793 392 2861 δὲ
409 2801 548 2882 Νουμᾶς
571 2793 668 2874 οὗτος
690 2801 905 2885 βαρβαρικοῖς
922 2799 1167 2885 ταραττομένην

230 3040 254 3076 v.
278 3030 291 3077 1
321 3020 464 3079 ἐδόκει-
489 3031 504 3079 6
529 3023 675 3093 ὀνομάζειν
711 3025 812 3088 αύτούς
842 3025 1008 3080 Lambeoius
1040 3027 1070 3080 in
1100 3027 1166 3082 Cod,

158 3111 185 3162 p.
206 3099 257 3147 208
275 3111 333 3149 nro.
350 3101 401 3149 154
419 3094 491 3151 falso
509 3095 616 3166 profert
633 3098 665 3149 ut
685 3096 730 3149 ‘ex
742 3096 800 3150 Ioh.
815 3095 887 3166 Lydi
904 3096 977 3152 libro
995 3099 1060 3166 περὶ
1073 3096 1166 3168 ἀρχῶν

158 3166 318 3220 πολιτικῶν’
339 3167 499 3236 δεειιῑομλει;
518 3166 593 3220 idem
611 3165 681 3220 facit
698 3165 860 3237 Ducangius
875 3185 896 3221 s.
911 3187 935 3223 v.
955 3167 1142 3235 σιλεντιάριος,
1160 3168 1164 3241 Ι

158 3234 205 3290 ἐπὶ
224 3235 329 3306 ἀγορᾶς
345 3237 442 3292 Lamb.
528 3244 544 3290 3
568 3235 732 3308 κομβέντιον
750 3239 778 3291 Β
853 3245 880 3294 -4
899 3241 953 3293 δεῖ·
974 3238 1022 3293 διὰ
1035 3247 1116 3293 τοῦτο
1136 3238 1166 3294 ἐκ

158 3314 206 3376 τῆς
219 3307 315 3362 Lamb.
385 3307 446 3363 Ὶδὲ
460 3308 539 3363 omis.
554 3310 582 3362 Β
654 3307 848 3381 8μαγίστρου]
863 3309 957 3378 ίστρου
970 3311 998 3364 Β
1071 3316 1104 3364 10
1118 3331 1165 3365 κο-

158 3379 265 3446 ριάσιοι
283 3380 315 3433 X
332 3396 400 3434 corr.
419 3379 582 3450 Ducangius
601 3397 622 3434 s,
636 3398 661 3434 v.
677 3379 894 3449 φρονμεντάριοι
966 3386 999 3433 16
1018 3377 1096 3452 βίλοξ
1114 3382 1142 3434 Β
1159 3383 1162 3455 λ

159 3447 197 3502 ἔτι
229 3448 284 3503 ἔστι
302 3451 330 3504 Β
425 3457 458 3505 18
482 3451 584 3505 desunt
607 3451 756 3519 nonnulla,
783 3450 860 3505 velut
882 3449 959 3519 παρὰ
981 3459 1031 3506 τοῦ
1055 3453 1165 3524 βερραι-

158 3520 251 3576 δευειν
264 3520 375 3576 Hasius.
395 3522 429 3576 cf.
444 3522 513 3592 Lyd.
528 3523 563 3576 de
576 3538 651 3592 mag.
665 3522 750 3589 ΠΙ,61
771 3520 918 3594 βεραίδους
937 3522 1038 3584 αύτούς
1056 3523 1083 3578 οἱ
1096 3544 1164 3593 κρα-

158 3600 269 3654 τοῦντες
294 3589 455 3662 ὠνόμασαν,
483 3594 532 3648 καὶ
558 3593 610 3662 τὴν
633 3590 727 3648 αἰτίαν
750 3592 780 3648 ἐν
803 3602 861 3655 τοῖς
882 3593 946 3661 περὶ
968 3603 1064 3662 μηνῶν
1087 3594 1165 3663 ίσμεν

159 3659 339 3731 ἀποθέμενοι.
412 3670 445 3717 23
466 3663 481 3719 ό
499 3662 531 3718 δὲ
549 3665 666 3735 νουμᾶς]
685 3662 716 3718 δὲ
736 3663 814 3719 omis.
833 3665 860 3718 A
