2790 4214
390 276 497 329 LIBER
515 275 692 342 QUARTUS.
720 276 918 330 IANUARIUS
1121 277 1162 340 71

152 438 207 506 ε’πὶ
234 451 301 505 τῶν
328 440 438 504 αὐτῶν
465 440 526 505 οὐκ
554 438 592 527 ἐᾷ
617 439 737 524 με’νειν.
782 437 863 524 ἡδὲ
890 437 1068 526 εἱμαρμένη
1093 435 1195 505 ἐστὶῦ

152 545 208 612 καὶ
225 546 246 629 ἡ
266 547 401 631 ελμ-αρτὴ
420 544 569 631 ἐνέργεια
586 544 607 630 ἢ
626 545 725 622 αὐτὸς
743 545 760 611 6
779 547 859 622 θεὸς
876 545 930 629 δὴ
945 544 1012 631 μετ’
1031 545 1162 630 ἐκείνην

150 651 330 737 τεταγμένη
348 654 582 718 κατὰπάντων
601 653 768 738 οὐρανίων
786 675 820 717 τε
838 650 893 717 καὶ
912 652 1067 736 ἐπιγείων
1080 655 1161 738 μετά

152 767 209 843 τῆς
226 758 370 842 ἀνάγκης
383 757 480 837 τάξις.
516 758 570 824 καὶ
588 760 609 843 ἡ
627 756 689 844 μὲν
707 759 808 836 αὐτὰς
822 759 894 824 κύει
906 761 965 836 τάς
978 759 1080 850 ἀρχάς
1093 772 1162 826 τῶν

151 865 361 953 πραγμάτων,
388 865 409 947 ἣ
432 861 469 929 δὲ
491 867 725 948 καταναγκάζει
749 864 804 930 καὶ
829 867 869 930 τά
890 865 967 949 τέλη
992 870 1161 949 γίνεσθαι·
1188 893 1202 934 5

151 973 284 1048 ταύταις
307 968 344 1036 δὲ
366 971 547 1037 ἀκολουθεῖ
569 970 659 1050 τάξις
680 970 736 1037 καὶ
753 975 855 1056 νόμος
872 970 927 1037 καὶ
946 969 1046 1038 οὐδέν
1065 975 1162 1038 άτακ-

151 1078 229 1143 τον’.
266 1077 317 1142 ότι
335 1079 469 1142 κατὰτὰ
483 1077 605 1162 Ἑρμοῦ
619 1080 767 1163 δόγματα
784 1084 911 1163 μᾶλλον
930 1079 947 1145 6
963 1080 1161 1165 Πορφύριος

153 1185 243 1250 δοκεῖ
271 1183 379 1265 λέγειν
405 1181 481 1268 περὶ
508 1185 622 1268 τύχης,
650 1183 756 1267 λέγων
783 1184 884 1250 ούτω·
907 1185 979 1268 ετὴν
1000 1186 1105 1269 τύχην
1127 1188 1161 1251 ολ

151 1288 286 1357 παλαιοὶ
308 1297 354 1378 τῷ
378 1288 458 1354 ἑπτὰ
481 1289 615 1378 ἀριθμῷ
638 1299 816 1374 συνῆπτον,
840 1291 884 1367 ὡς
906 1292 968 1374 τὴν
990 1302 1057 1355 τῶν
1080 1289 1161 1355 ἑπτά

151 1396 328 1462 έπίκλωσιν
359 1398 517 1480 ἔχουσαν,
549 1396 610 1461 ὅσα
639 1398 687 1472 εἰς
715 1397 752 1461 τὸ
783 1400 866 1475 ζῶον
895 1394 950 1461 καὶ
979 1397 1040 1479 τὴν
1067 1395 1159 1474 ἐκτὸς
1173 1425 1200 1464 ιο

148 1504 269 1568 τούτου
288 1498 457 1587 ἐνέργειαν
475 1500 528 1566 ἀπ’
552 1502 653 1585 αὐτῆς
671 1501 888 1567 έπικλύδεται
907 1504 1027 1586 ταύτης
1040 1506 1158 1588 κυρίας

146 1610 283 1674 πάντων
300 1607 502 1693 γινομένης’.
537 1606 592 1673 καὶ
610 1609 669 1673 τὸν
686 1609 805 1694 καιρὸν
818 1605 855 1674 δέ
868 1617 907 1696 τῇ
922 1610 1004 1695 τύχη
1017 1607 1158 1695 προσνέ-

149 1731 264 1800 μουσι,
291 1715 378 1779 διότι
402 1713 419 1779 6
442 1716 556 1801 καιρὸς
584 1714 621 1780 ἐν
643 1725 712 1790 τοῖς
734 1716 903 1800 πράγμασι
925 1713 980 1780 καὶ
1004 1715 1157 1799 εὐστοχία

148 1819 289 1887 ἑκάστου
310 1820 393 1906 πρὸς
414 1821 452 1885 τὸ
474 1821 701 1906 ὑποκείμενον.
742 1821 760 1887 6
783 1823 821 1886 δε
843 1824 997 1908 Πρόκλος
1020 1821 1057 1886 έν
1074 1822 1157 1887 ὐπο-

145 1928 290 1992 τυποόσει
325 1935 383 2010 της
414 1932 630 2012 Πλατωνικῆς
662 1932 862 2012 φιλοσοφίας
892 1927 968 2014 περὶ
999 1939 1068 1993 τῶν
1098 1937 1156 2012 τῆς
1169 1955 1196 1998 15

144 2041 253 2117 ψυχῆς
276 2033 450 2118 δογμάτων
469 2044 572 2099 ταῦτα
590 2034 691 2118 λέγει·
715 2035 758 2100 ‘oz
777 2031 838 2120 μὲν
860 2035 1017 2119 ἡλιακούς
1035 2038 1155 2120 ἔλαχον

144 2139 316 2224 δαιμόνων
328 2139 501 2224 ἡγεμόνας,
520 2142 552 2206 οἱ
566 2138 603 2206 δὲ
617 2142 842 2225 σεληνιακούς,
862 2143 956 2207 άλλοι
971 2138 1008 2207 δέ
1023 2143 1154 2218 ἄλλους.

144 2237 229 2330 πρὸςΙ
259 2249 376 2312 τοίνυν
402 2248 462 2330 τὴν
491 2248 596 2331 φύσιν
623 2259 690 2312 τῶν
717 2248 890 2333 ἡγεμόνων
916 2250 1069 2334 πρόεισιν
1096 2246 1154 2313 άν-

144 2353 297 2436 ῦρύποις
322 2354 363 2417 τά
390 2352 607 2438 εὐτυχήματα·
645 2356 701 2420 διὰ
726 2355 790 2439 γάρ
813 2353 923 2439 μέσων
950 2353 1060 2420 αὐτῶν
1087 2353 1152 2420 άπὸ

144 2469 212 2523 τῶν
229 2461 334 2524 θείων
352 2461 399 2536 είς
416 2459 501 2545 ἡμᾶς
518 2459 731 2545 διαπέμπεται
749 2462 790 2526 τά
808 2461 920 2543 ιἰγαῦδι
937 2459 1005 2526 κατ’
1029 2459 1150 2540 άξίαν’.
1164 2488 1192 2528 εο

143 2562 199 2628 καὶ
222 2565 347 2650 μάρτυς
370 2566 387 2632 6
411 2565 600 2652 Εὐριπίδου
623 2567 770 2651 Πηλεύς·

232 2695 317 2754 θεοῦ
340 2691 403 2776 γάρ
427 2690 517 2769 ἐκτὸς
541 2690 652 2768 οὐδεὶς
674 2692 805 2776 εὐτυχεῖ
826 2695 954 2778 βροτός.
1075 2786 1080 2792 '
1157 2703 1208 2759 XS

235 2889 304 2949 Φεῦ
327 2895 394 2950 τῶν
416 2889 576 2971 βροτείων
599 2888 643 2964 ὡς
666 2886 834 2972 ἀνώμαλοι
858 2888 968 2973 τύχαι;
1167 2900 1193 2953 Χ

233 2991 265 3055 ολ
287 2987 348 3074 μέν
370 2993 433 3078 γὰρ
457 2988 493 3058 εὖ
516 2994 712 3080 πράσσουσι,
734 3005 805 3070 τοῖς
828 2990 865 3060 δὲ
888 2993 1056 3080 συμφοραὶ

231 3095 413 3184 <σκληραὶ>
434 3101 588 3186 πάρεισιν
611 3100 785 3184 εὐσεβοῦσι
807 3102 891 3186 πρὸς
911 3108 1005 3167 θεοῦ.
1165 3127 1192 3168 νο

212 3289 237 3326 v.
257 3277 290 3324 22
308 3271 373 3326 Eur.
392 3272 472 3342 frgm.
493 3279 570 3343 1025,
591 3280 605 3328 1
624 3274 726 3328 Nauck
807 3280 841 3328 23
854 3306 890 3315 —
904 3279 938 3328 25
956 3274 1020 3327 Eur.
1040 3273 1151 3342 Scyriu-

140 3358 203 3394 rum
220 3341 273 3412 frg.
288 3347 349 3410 684,
365 3349 432 3397 1-3
451 3343 553 3398 Nauck

212 3520 237 3556 v.
252 3506 356 3556 23-25
376 3502 496 3558 omis.S
584 3509 616 3558 25
636 3503 792 3628 Queat>
817 3503 895 3557 deest
916 3502 958 3569 X,
987 3502 1113 3573 supplevi
1136 3521 1151 3559 e

141 3571 218 3626 stou.
237 3572 310 3627 Flor.
327 3579 390 3642 105,
407 3579 439 3628 16
459 3578 488 3628 et
506 3575 590 3629 Anth.
609 3576 810 3644 Ρο.10,107,
835 3589 907 3641 quae
930 3573 1043 3628 eosdem
1061 3592 1152 3630 serva·

140 3645 240 3697 verunt
256 3660 351 3698 versus
424 3650 457 3698 25
478 3647 605 3718 εὐσεβοῦς
624 3647 652 3700 Β
