2788 4222
554 279 758 335 PRAEFATIO
927 319 928 322 κ
1076 281 1166 336 xxm

158 448 291 508 codicum
309 449 395 525 stirpi
412 449 577 510 necessario
594 449 719 510 tribuas.
755 468 850 524 neque
872 451 973 508 tamen
995 449 1022 508 R
1045 468 1060 508 e
1082 447 1165 508 Pari-

158 537 222 596 sino
245 537 338 614 fluxit,
362 538 472 614 quippe
496 539 548 615 qui
571 538 626 598 illa
646 536 712 618 περὶ
735 536 895 615 ποσότητος
913 546 972 598 τῶν
990 535 1167 616 τικτομένων

158 625 303 701 omiserit,
331 646 427 703 neque
456 626 610 686 Parisinus
638 647 673 687 ex
695 627 734 704 R,
767 626 819 703 qui
849 627 1039 687 formicarum
1071 627 1167 686 otium

157 715 281 792 ignoret.
326 734 403 791 quae
425 734 493 779 cum
515 717 559 774 ita
582 716 656 792 sint,
682 715 852 776 Parisinum
879 734 914 774 ex
941 715 1044 774 eodem
1066 715 1164 774 arche-

157 808 230 880 typo
249 803 407 863 deductum
426 823 488 864 esse
507 808 641 881 apparet,
665 824 680 862 e
704 823 764 880 quo
783 805 868 879 illud,
886 803 970 862 euius
988 803 1165 863 R'Pisehen-

159 892 307 952 dorfianus
338 893 447 969 reliqui
479 893 610 953 eiusdem
641 894 757 970 generis
785 896 854 952 sunt
885 893 1064 969 apographa.
1109 892 1165 954 hoc

157 984 257 1040 autem
289 982 483 1058 archetypum
511 1002 571 1043 non
602 982 702 1058 ipsum
734 981 929 1040 Laurentium
959 981 1050 1040 fuisse
1078 984 1165 1039 autu-

156 1070 315 1146 mabimus‚
343 1071 394 1130 sed
417 1070 621 1130 collectionem
645 1090 661 1130 e
683 1070 820 1145 plurimis
843 1069 980 1146 epitomis
1004 1072 1166 1145 consutam,

155 1159 187 1216 id
206 1159 285 1234 quod
307 1159 409 1218 ordine
433 1160 688 1238 paragraphorum
702 1177 720 1218 a
733 1159 809 1217 libro
828 1158 864 1216 de
882 1158 1030 1216 mensibus
1049 1157 1165 1217 diverso

157 1245 376 1308 demonstratur
408 1250 437 1307 et
467 1247 582 1307 inserta
619 1247 824 1324 disquisitione
856 1246 893 1305 de
929 1246 1080 1321 Danubio,
1117 1246 1167 1304 cui

160 1337 281 1395 alterius
305 1336 458 1394 cuiusdam
476 1336 608 1396 auctoris
627 1336 791 1395 doctrinam
809 1335 903 1395 inesse
923 1352 1013 1409 supra
1031 1334 1166 1393 diximus.

158 1424 250 1483 fusius
280 1427 381 1483 autem
413 1424 449 1482 de
476 1425 532 1485 hoe
559 1424 695 1484 Parisino
723 1424 822 1482 codice
854 1422 992 1496 disserui,
1025 1421 1166 1498 quoniam

159 1513 309 1588 exemplar
330 1512 619 1588 praestantissimum
646 1514 692 1570 est
718 1510 876 1588 singularis
900 1510 1053 1568 cuiusdam
1074 1511 1166 1569 tradi·

157 1601 246 1660 tionis
269 1600 435 1676 Lydianae‚
466 1601 505 1659 ad
532 1617 621 1677 quam
644 1600 843 1660 recensionem
868 1599 990 1675 plurimi
1016 1600 1167 1674 pertinent

160 1689 288 1763 codiceS,
326 1689 378 1764 qui
418 1707 518 1748 omnes
555 1689 673 1749 eosdem
708 1691 853 1748 massus
889 1687 993 1748 eodem
1029 1687 1167 1748 exhibent

161 1776 270 1852 ordine,
304 1796 364 1853 quo
387 1777 540 1836 Parisinus
566 1777 631 1851 ille3
664 1795 792 1854 quorum
819 1795 910 1852 quam
937 1777 1004 1836 arta
1030 1777 1109 1835 inter
1135 1794 1166 1836 se

159 1866 295 1943 cognatio
322 1866 362 1924 sit
398 1866 548 1942 inquirere
575 1865 739 1943 supersedi:
776 1883 872 1942 neque
904 1865 978 1924 certi
1005 1865 1167 1942 quidquam

158 1955 194 2014 de
222 1974 256 2014 ea
284 1954 449 2031 poterimus
481 1955 644 2029 affirmare,
674 1956 722 2015 tot
753 1953 902 2014 codicibus
934 1954 986 2030 qui
1017 1953 1167 2030 quondam

156 2043 309 2119 intereos,
329 2044 381 2121 qui
394 2043 481 2103 hodie
504 2045 616 2118 extant,
637 2042 873 2117 intercessenmt,
896 2061 984 2101 cursu
999 2045 1167 2118 temporum

158 2132 327 2208 deperditis.
373 2132 508 2192 sedium
531 2133 569 2191 ad
597 2131 728 2207 reliquos
755 2132 887 2191 eiusdem
913 2131 1030 2208 generis
1052 2131 1166 2191 codices

155 2224 348 2280 transeamus.

222 2311 250 2367 2.
273 2309 477 2368 Vaticanus
504 2308 696 2368 Palatinus
730 2327 879 2386 graecus
904 2309 959 2382 13,
986 2327 1074 2384 quem
1097 2306 1167 2366 scri·

155 2390 241 2472 ptum
269 2415 332 2457 esse
362 2415 439 2456 anno
466 2416 495 2473 p.
520 2395 587 2456 Chr.
610 2417 638 2456 n.
664 2399 747 2456 1167
772 2415 791 2455 a
818 2395 946 2474 Georgia
974 2395 1167 2456 (tammareno

158 2489 302 2564 regnante
335 2485 474 2562 Byzantii
510 2486 646 2546 Manuale
684 2485 833 2545 Gomneno
870 2485 955 2544 docet
990 2483 1167 2559 subscriptio

156 2575 177 2633 1.
198 2577 284 2635 348'.
327 2575 430 2634 eadem
453 2593 530 2651 quae
553 2594 571 2635 a
593 2575 661 2634 Par.
684 2595 727 2654 gr.
752 2577 836 2634 1346
865 2573 978 2634 ultimis
1004 2572 1092 2631 huius
1119 2590 1167 2630 oo·

156 2663 230 2724 dicis
256 2663 337 2724 foliis
365 2656 454 2745 (347.
483 2657 560 2746 348)
594 2665 754 2724 traduntur
780 2663 956 2723 lectionibus
982 2661 1032 2720 vix
1059 2661 1166 2720 discre-

154 2753 302 2828 pentibus.

224 2843 251 2900 3.
274 2841 475 2902 Vaticanus
507 2859 658 2918 graecus
687 2843 751 2902 854
779 2860 800 2901 s.
827 2841 886 2899 XII
918 2839 1020 2898 eadem
1049 2838 1169 2898 exhibet

155 2929 174 2988 f.
200 2931 281 2988 265¹
303 2948 367 3006 sqq.

221 3021 250 3077 4.
273 3018 475 3077 Vaticanus
504 3036 656 3094 graecus
680 3020 742 3080 855
771 3037 793 3078 s.
816 3017 871 3076 XV
899 3017 931 3074 in
957 3017 1016 3075 fine
1042 3015 1168 3074 mutilus

157 3107 317 3181 consentit,
358 3110 504 3183 quatenus
544 3107 662 3186 integer
701 3110 746 3166 est
781 3099 889 3187 (usque
926 3105 964 3165 ad
1000 3102 1050 3164 aul
1085 3101 1168 3179 aare

156 3216 185 3271 p.
209 3197 313 3269 41,13
337 3187 439 3276 Treu),
465 3195 510 3252 ita
538 3214 607 3254 oum
639 3194 737 3256 codice
758 3195 897 3254 Palatino
923 3196 977 3268 13,
1008 3196 1043 3252 ut
1070 3210 1105 3248 ex
1132 3209 1167 3248 eo

156 3284 295 3344 videatur
323 3301 384 3343 esse
412 3283 590 3359 exscriptus3
616 3285 649 3342 id
676 3284 755 3360 quod
780 3283 840 3342 iam
867 3282 984 3341 monuit
1007 3280 1037 3339 O.
1059 3279 1167 3336 Krum·

157 3372 266 3432 bacher
289 3365 374 3454 (Sita.
392 3372 460 3431 Ber.
485 3372 537 3431 der
558 3372 677 3432 Miinoh.
700 3371 796 3431 Akad.
815 3373 900 3431 1892
919 3390 948 3446 p.
968 3365 1053 3446 344).

225 3463 252 3521 5.
275 3460 465 3520 Parisinus
488 3479 638 3538 graecus
659 3463 744 3521 1310
762 3461 933 3518 chartaceus
952 3477 974 3516 s.
988 3457 1043 3514 XV
1057 3456 1077 3515 f.
1092 3457 1169 3530 444,

158 3550 290 3610 continet
312 3549 380 3608 inde
404 3568 423 3608 a
445 3549 518 3609 folio
541 3551 673 3609 4421-
689 3551 724 3607 ut
740 3547 900 3606 inventarii
913 3545 1010 3606 verbis
1028 3548 1097 3605 utar
1111 3565 1168 3604 -ε

160 3634 322 3714 ‘Anonymi
368 3639 543 3712 opuseulum
583 3638 620 3696 de
663 3639 804 3713 quattuor
845 3633 978 3710 paradisi
1019 3633 1168 3694 terrestris
