2788 4222
569 253 774 342 iniurium
951 333 952 336 a
1088 283 1177 340 xx1x

166 455 199 515 in
222 455 358 516 omnibus
380 455 441 514 fere
465 454 613 515 codicibus
639 453 753 532 pariter
782 455 920 531 corrupto
945 452 1177 527 demonstratum

168 548 198 605 et
227 543 334 622 prioris
362 543 540 604 recensionis
573 542 862 621 praestantissimum
898 560 960 602 esse
992 540 1122 602 codicem
1151 541 1178 600 lt

169 633 398 708 autumavimus
421 652 509 709 quem
530 651 591 692 una
614 651 682 692 cum
699 631 833 708 reliquis,
855 634 1055 708 quotcumque
1072 629 1178 690 iisdem

168 721 321 782 abundant
348 721 492 798 excerptis
514 720 671 798 Lydianis‚
704 740 739 780 ex
770 721 873 780 eodem
899 720 982 779 fonte
1011 717 1178 779 derivatum

168 829 230 874 esse
258 810 375 870 scimus.
424 811 486 870 iam
516 813 611 870 restat
640 812 676 869 ut
707 827 900 886 quaeramus,
930 811 1034 868 utrum
1062 827 1096 867 ex
1122 807 1178 867 hoc

167 899 232 977 ipso
256 899 364 960 codicis
382 899 409 958 lt
429 899 612 974 reliquorum
634 898 795 975 archetypo
818 898 962 957 deductus
986 897 1025 957 sit
1043 895 1178 956 codicum

168 987 392 1065 Splinianorum
420 987 557 1065 princeps
579 1006 683 1046 necne:
712 988 791 1063 quod
818 1005 873 1064 ego
904 985 1061 1062 affirmem3
1090 985 1178 1046 valde

169 1075 247 1136 enim
267 1077 347 1137 inter
374 1095 404 1136 se
431 1075 542 1136 similes
569 1079 640 1134 sunt
666 1075 758 1136 codex
779 1075 806 1134 lt
829 1078 859 1135 et
882 1074 1037 1152 Spliniana
1058 1073 1177 1133 brevior

167 1165 297 1226 recensio
328 1168 358 1225 et
386 1165 419 1224 in
448 1167 577 1241 utraque
604 1163 750 1242 Antigoni
778 1163 870 1225 rerba
903 1165 1045 1241 leguntur
1074 1161 1177 1222 eodem

167 1255 255 1314 modo
278 1254 311 1314 in
333 1253 453 1314 brevius
476 1254 637 1313 contracta.

234 1342 347 1403 Vereor
368 1344 477 1418 tamen,
499 1361 536 1401 ne
559 1341 674 1401 iustum
691 1340 814 1400 modum
832 1339 953 1400 excedat
971 1338 1129 1417 praefatio,
1151 1338 1177 1398 si
1191 1353 1337 1402 Pangaeus.

170 1431 263 1492 fusior
279 1431 312 1490 in
329 1429 527 1491 describendis
545 1430 591 1490 his
610 1429 816 1506 similibusque
835 1427 983 1490 codicibus
998 1446 1060 1487 esse
1074 1427 1177 1503 'velim3

169 1539 262 1598 quare
290 1539 339 1580 eos
369 1520 431 1578 iam
459 1518 663 1596 relinquamus
688 1536 806 1578 necesse
831 1520 886 1592 est,
911 1516 1087 1594 praesertim
1110 1534 1178 1575 cum

170 1609 289 1669 omnino
308 1608 392 1684 nihil,
415 1608 496 1684 quod
514 1608 553 1667 ad
570 1606 755 1668 restituenda
768 1605 924 1666 Laurentii
937 1605 1027 1667 verba
1045 1604 1115 1664 usui
1129 1604 1178 1680 sit,

168 1698 253 1758 nobis
273 1697 406 1757 afferant.
443 1697 494 1757 sed
517 1696 631 1756 denno
654 1686 809 1772 praeterea
831 1694 930 1756 codice
948 1693 1106 1753 dicendum
1124 1696 1179 1769 est,

168 1786 222 1864 qui
244 1804 341 1863 pauca
363 1785 417 1844 illa
445 1785 481 1844 de
503 1785 643 1862 Augusto
672 1787 703 1844 et
725 1783 892 1861 Septembri
913 1782 1063 1843 mensibus
1091 1784 1121 1841 et
1142 1781 1179 1841 de

170 1873 304 1935 Gesseris
319 1874 441 1934 fortuna
456 1866 497 1956 (lt
509 1894 538 1950 p.
550 1876 579 1950 8,
588 1875 694 1934 3-19
707 1864 800 1955 Qun)
814 1872 957 1933 servavit:
971 1870 1101 1931 codicem
1113 1871 1179 1930 Pa·

168 1963 322 2024 risinum
340 1981 507 2040 graecum
526 1963 590 2022 854
610 1980 632 2022 s.
646 1961 719 2020 xm
731 1959 943 2038 bombycinum
957 1959 1031 2035 dico,
1048 1960 1081 2018 in
1095 1958 1179 2019 cuius

168 2052 188 2110 f.
200 2053 295 2113 5¹i11a
309 2052 456 2128 leguntur.
479 2051 753 2110 commemorandus
768 2052 869 2109 autem
881 2049 930 2109 bio
939 2052 985 2109 est
994 2048 1092 2124 codex,
1107 2047 1179 2124 quia

169 2139 207 2200 ab
226 2139 359 2199 eiusdem
377 2139 543 2217 apographi
560 2138 682 2199 librario
701 2139 830 2198 alterum
847 2157 967 2215 quoque
983 2137 1148 2197 frustulum
1163 2155 1179 2195 e

172 2227 249 2288 libro
264 2228 300 2287 de
313 2227 463 2287 mensibus
476 2227 607 2303 petitum
620 2230 678 2302 est3
700 2227 811 2305 legitur
824 2226 903 2286 enim
918 2226 938 2284 f.
956 2227 1016 2286 159
1032 2227 1179 2285 tractatus

168 2313 408 2396 mullitudine,
430 2334 522 2392 quem
539 2315 677 2375 editionis
695 2334 779 2375 meae
796 2336 825 2392 p.
841 2318 913 2390 102,
925 2314 1063 2389 5-105,
1075 2315 1115 2372 12
1134 2312 1179 2370 in·

169 2404 257 2464 serui.
309 2404 391 2480 quod
423 2404 626 2482 fragmentum
658 2403 770 2481 publici
797 2404 872 2463 iuris
903 2403 1033 2479 primum
1064 2401 1179 2462 factum

169 2497 214 2554 est
241 2494 273 2552 in
296 2491 428 2552 Crameri
456 2492 607 2552 anecdotis
628 2492 772 2552 Parisinis
799 2496 821 2552 t.
844 2492 861 2550 1
886 2513 915 2570 p.
940 2493 1002 2552 332
1018 2509 1095 2566 sqq.;
1122 2490 1177 2550 ite-

167 2601 236 2642 rum
257 2583 339 2659 typis
359 2581 559 2642 excudendum
578 2581 695 2643 curavit
707 2582 741 2640 ll.
756 2581 902 2641 Maassius
923 2580 954 2640 in
978 2580 1119 2656 opusculo
1143 2579 1179 2639 de

171 2671 354 2748 Sibyllarum
375 2670 522 2731 indicibus
550 2670 716 2747 conscripto
739 2690 767 2747 p.
791 2672 834 2730 44
857 2689 910 2746 sq,
932 2669 985 2746 qui
1007 2689 1036 2745 p.
1060 2669 1101 2728 46
1126 2686 1179 2728 au·

168 2761 243 2820 ctori
262 2778 379 2837 quoque
399 2760 447 2820 cui
461 2759 586 2819 debetur
603 2759 652 2819 hic
669 2761 817 2819 tractabis
836 2758 1043 2836 investigando
1058 2776 1179 2834 operam

168 2848 258 2909 dedit
291 2849 457 2909 coniecerat
470 2848 646 2908 antemium
659 2846 782 2907 Cramer
793 2849 891 2907 totum
905 2866 973 2906 eum
985 2847 1177 2923 desumptum

167 2955 231 2998 esse
254 2957 290 2996 ex
310 2936 422 2997 Ioanne
444 2935 542 3013 Lyd03
565 2955 657 3012 quam
679 2935 879 2996 coniecturam
902 2935 1058 3011 adoptavit
1078 2934 1177 2994 Maas-

167 3026 230 3086 sius
258 3024 368 3085 additis
395 3025 441 3084 his
469 3025 665 3102 argumentis:
713 3027 848 3084 constare
876 3024 1114 3100 disquisitionem
1140 3022 1177 3080 de

169 3113 291 3191 Sibyllis
320 3113 353 3172 in
382 3113 481 3173 codice
513 3113 650 3173 Parisino
684 3116 834 3174 servatam
863 3132 879 3171 e
908 3112 1002 3172 tribus
1032 3108 1178 3188 partibus,

169 3221 295 3279 quarum
323 3202 420 3279 prima
450 3202 615 3261 enumerari
646 3200 790 3278 Sibyllasz
831 3201 914 3261 cuius
945 3197 1177 3260 enumerationis

168 3291 282 3352 fontem
300 3309 363 3351 esse
380 3293 511 3352 veterem
529 3289 677 3367 quendam
695 3290 878 3367 Sibyllarum
899 3288 1034 3363 indicem,
1058 3285 1177 3362 qualem

168 3380 229 3440 iam
251 3381 347 3440 multo
371 3383 440 3440 ante
463 3379 617 3440 Laurentii
643 3382 778 3456 tempora
806 3379 1005 3454 conscriptum
1031 3375 1122 3435 fuisse
1145 3375 1177 3434 in

168 3468 205 3528 iis
234 3487 310 3545 quae
337 3467 517 3546 praecedunt
545 3468 758 3528 demonstravit
784 3467 938 3527 Maassius.
984 3465 1080 3525 ultera
1105 3483 1177 3526 vero

168 3559 254 3633 parte
281 3575 426 3617 summam
453 3557 638 3617 oraculorum
659 3556 838 3616 Iudaeorum
865 3553 1057 3633 praestringi,
1086 3554 1178 3614 tertia

169 3645 295 3723 denique
309 3645 345 3705 de
360 3645 492 3723 Sibyllae
507 3644 656 3706 Cumanae
675 3664 743 3705 cum
757 3644 919 3720 Tarquinio
937 3663 1008 3722 rego
1028 3642 1177 3720 colloquio
