2790 4214
236 243 279 308 90
460 241 568 296 LIBER
586 241 763 308 QUARTUS.
789 241 1018 298 eeeeeemus

194 417 222 470 Y
236 407 293 472 διδ
315 407 351 470 τὸ
375 417 503 493 χρῶμα,
531 406 653 490 ὁμοίως
674 407 831 492 τρόσιυοι
853 415 895 492 γῇ
919 407 975 472 διδ
997 407 1038 471 ve
1059 409 1165 491 ἄνθη,
1193 405 1247 492 βέ-

233 536 324 579 vem
343 511 447 599 Ἥρᾳ,
483 512 595 578 λιυκοί
621 509 661 578 δί
691 512 798 578 ὕδατι.
843 515 876 578 οἰ
902 512 944 578 δέ
967 531 1051 598 φασι
1082 515 1247 600 πράσινον

234 617 296 704 μὲν
318 621 355 684 τὸ
379 622 448 706 ἔαρ,
472 620 611 705 ῥοόσιον
633 615 670 683 δί
693 620 730 684 τὸ
752 619 864 703 δέρος,
887 619 1024 703 βέυιτον
1047 616 1084 685 δὲ
1106 621 1143 685 τὸ
1163 628 1247 705 φθι-

235 729 400 812 νόπωρον,
423 727 543 792 λευκὸν
566 722 604 790 δὲ
626 726 686 792 τὸν
710 737 862 810 χειμῶνα.
906 728 1167 811 κακοδαιμονίαν
1184 722 1248 793 οὖν

186 851 189 856 “
206 857 221 898 ι
236 835 426 912 οἰωνίζοντο
444 834 506 916 τὴν
527 836 662 918 χείρονα
684 841 799 916 ψῆφον
821 833 881 897 τὸν
899 832 1052 920 ἀνθηρὸν
1070 832 1248 916 ἀπενέγκα-

235 946 327 1023 σθαι,
353 941 400 1016 ὡς
422 939 523 1024 αἰτῇς
541 939 664 1024 Ῥώμης
690 939 895 1023 ἡττηθείσης.
939 949 1001 1005 τοῦ
1023 942 1087 1026 γὰρ
1109 941 1248 1006 δυτικοῦ

234 1045 375 1132 κέντρου
397 1047 445 1122 εἰς
467 1046 504 1110 τὸ
533 1055 591 1129 τῆς
613 1054 673 1128 γῆς
695 1055 859 1129 στοιχείου
884 1045 1139 1133 ἀναφερομένου
1162 1048 1249 1123 εἰκὸς

234 1147 277 1235 ἦν
299 1153 412 1228 αὐτοῖς
435 1150 547 1236 μέλειν
573 1151 683 1234 αὐτῆς.
731 1151 814 1217 ὅθεν
840 1150 895 1216 καὶ
915 1151 1047 1217 Ἑστίαν
1073 1153 1138 1238 πρὸ
1164 1153 1247 1218 τόν·

234 1283 302 1324 τον
322 1263 502 1343 φαίνονται
525 1260 719 1343 τιμήσαντες
732 1258 894 1344 Ῥοιμαίοι,
917 1260 1028 1345 ὥσπερ
1050 1260 1110 1324 τὸν
1132 1280 1248 1346 πετρο-

184 1375 315 1449 ἰογενῆ
343 1369 487 1451 Μίθραν
513 1366 547 1430 οἰ
575 1363 703 1451 Πέρσαι
731 1367 788 1432 διὰ
814 1367 852 1430 τὸ
879 1375 940 1430 τοῦ
966 1365 1071 1452 πυρὸς
1098 1365 1247 1451 κέντρον,

235 1471 290 1538 καί
313 1473 373 1556 τὴν
396 1473 504 1557 ὑγρὰν
526 1471 647 1537 οὐσίαν
669 1473 702 1536 οἰ
724 1472 789 1536 ὑπὸ
812 1473 874 1555 τὴν
887 1471 1030 1557 ’Ἀρκτον
1046 1473 1105 1536 διδι
1122 1473 1160 1538 τὸ
1178 1472 1249 1538 κέν-

235 1603 316 1662 τρον
343 1587 404 1644 τοῦ
431 1578 567 1661 ὕδατος,
594 1575 649 1642 καί
672 1569 755 1642 Ἶσιν
778 1579 968 1661 Αἰγύπτιοι,
997 1577 1071 1643 ἀντὶ
1097 1587 1160 1644 τοῦ
1186 1579 1249 1663 τὴν

235 1687 400 1769 Σελήνην,
424 1687 485 1768 την
507 1693 567 1749 τοῦ
589 1683 713 1760 παντὸς
734 1683 832 1770 ἀέρος
855 1687 989 1769 ἔφορον.

195 1801 221 1854 Χ
301 1791 352 1855 31.
371 1793 535 1877 Καθάπερ
549 1790 634 1876 έντῇ
649 1794 756 1877 μήτρᾳ
769 1792 935 1875 τυγχάνον
948 1793 985 1856 τὸ
996 1790 1120 1877 βρέφος
1129 1790 1170 1855 οὐ
1179 1800 1303 1857 ervee

183 1915 223 1962 ³15
236 1899 341 1962 δεῖται
365 1895 476 1982 ἑτέρας
498 1906 634 1982 τροφῆς,
657 1895 729 1961 ἀλλ’
752 1895 784 1975 ἐξ
802 1898 939 1982 αἵματος
957 1899 1159 1983 εἰλικρινοῦς
1177 1895 1249 1984 τρέ-

236 2025 344 2088 φεται,
363 2002 468 2080 οὕτως
486 1999 566 2068 οὐδὲ
584 2014 654 2080 τοῖς
672 2005 884 2088 τελευτήσασι
901 2005 983 2069 κατδι
1002 2005 1061 2068 τὸν
1074 2007 1248 2090 πρότερον,

236 2111 280 2186 ὡς
312 2109 481 2194 ἐλέγομεν,
519 2109 673 2175 ἐνιαυτὸν
705 2109 894 2193 έπεχόαζον,
931 2112 1040 2196 ὥσπερ
1074 2109 1111 2174 ἐν
1142 2114 1249 2197 μήτρᾳ

235 2219 325 2304 παρὰ
347 2227 385 2303 τῇ
410 2217 509 2301 φύσει
537 2218 776 2282 λανθάνουσιν.
822 2218 855 2282 αἰ
882 2219 946 2304 γὰρ
969 2215 1043 2301 χοαί
1070 2219 1249 2302 παραψυχη

237 2348 287 2400 τις
300 2321 488 2409 εἰσεφέρετο
506 2334 576 2400 τοῖς
595 2325 746 2400 εἰδώλοις
764 2334 831 2388 τῶν
844 2325 1131 2406 τετελευτηκότων,
1153 2325 1248 2407 γάλα,

182 2452 224 2496 1ἰο
235 2422 316 2514 αἷμα
338 2428 394 2495 καί
417 2425 519 2513 οἰνος,
546 2428 601 2495 καί
630 2431 810 2514 σεμίδαλις,
837 2427 892 2494 καί
918 2432 1048 2514 κόγχος,
1076 2427 1131 2496 καί
1155 2429 1250 2516 ἕτεροί

235 2559 319 2600 τινα.
364 2538 444 2620 χοὰς
475 2533 513 2601 δὲ
545 2536 646 2612 αὐτὰς
676 2536 847 2619 ὠνόμαζον
879 2535 915 2600 έκ
946 2545 1006 2601 τοῦ
1039 2525 1249 2620 έπεκχείσδαι

235 2653 306 2717 τοῖς
327 2643 455 2726 τόφοις.
501 2644 635 2721 σώζεται
658 2639 695 2708 δὲ
722 2640 777 2706 καί
804 2651 869 2706 νῦν
895 2648 999 2726 ἰχνος·
1027 2642 1065 2708 έν
1092 2645 1156 2728 γδιρ
1179 2653 1249 2718 τοίς

238 2749 339 2834 ἱεροῖς
361 2749 464 2832 ἄρτον
487 2747 542 2812 καὶ
565 2744 660 2814 οἶνον
682 2746 923 2833 προσφέρομεν.

202 2865 221 2919 S
304 2852 355 2918 32.
370 2852 440 2919 Ὅτι
460 2853 478 2920 ὁ
498 2855 683 2938 Αἰγύπτιος
697 2853 817 2940 Ἑρμῆς
836 2853 873 2919 ἐν
890 2858 1042 2944 τῷλόγῳ
1062 2857 1166 2923 αὐτοῦ
1182 2868 1306 2924 deesth

307 3120 331 3156 v.
348 3106 381 3154 24
400 3100 528 3156 Hermes:
548 3101 592 3154 Ps.
611 3100 713 3170 Apulei
731 3099 868 3171 Dialogus
886 3118 910 3154 ο.
929 3101 1045 3156 XXVIII

306 3351 331 3386 v.
352 3340 366 3387 1
391 3329 544 3386 Salmasius
572 3331 603 3384 in
630 3331 768 3386 Plinianie
796 3330 1045 3388 exercitationibus
1072 3332 1103 3386 in
1131 3333 1158 3388 Ο.
1185 3332 1250 3386 Iulii

236 3403 326 3458 Solini
353 3402 532 3472 Polyhistora
559 3401 693 3472 (Traiecti
726 3403 763 3456 ad
790 3403 919 3457 Rhenum
947 3407 1027 3474 1689)
1057 3403 1141 3458 huius
1168 3419 1251 3473 pere-

237 3473 338 3544 grephi
357 3473 479 3528 frustula
497 3473 603 3543 profert
625 3473 743 3544 passim,
768 3491 824 3543 que
848 3473 882 3528 de
905 3491 936 3528 re
959 3473 1006 3545 egi
1027 3474 1058 3528 in
1075 3474 1251 3544 praefatione

238 3545 300 3599 202
318 3543 350 3599 δὲ
365 3552 431 3598 -4
450 3553 570 3615 χειμῶνα
588 3545 619 3598 in
636 3561 725 3616 marg.
745 3545 774 3598 Y
849 3543 991 3613 8μέλλειν
1009 3545 1039 3600 D
1117 3546 1179 3600 9οἰ
1198 3541 1251 3616 ῥοι-
1371 3579 1372 3602 ;

238 3625 315 3684 μαῖοι
333 3617 363 3670 D
436 3621 468 3670 21
488 3616 590 3678 αὐτούς
609 3617 637 3670 Β
