2788 4222
211 269 262 322 ΧΠ
626 267 832 324 PRAEFATIO

211 437 360 513 positione
382 456 442 496 non
464 437 525 496 iam
548 437 708 496 secundum
730 436 862 514 singulas
884 437 1002 496 litteras
1021 437 1110 505 facta,
1132 438 1223 498 immo

211 528 314 584 utres
338 525 452 584 ferebat
474 526 518 584 ita
539 526 693 600 instituta,
724 530 759 585 nt
785 526 895 604 singuli
923 544 954 584 ee
977 526 1224 602 subsequerentur

211 617 358 672 tractatus
382 617 435 672 aut
459 615 561 674 eodem
584 615 700 689 ordine,
727 635 786 690 quo
808 615 840 675 in
864 633 897 674 eo
921 617 1041 675 auctore
1064 634 1153 691 quem
1176 635 1223 674 ex·

212 703 332 778 scripsit
352 702 506 777 librarius,
534 704 708 778 extiterant,
735 707 788 762 ant
815 704 1041 779 disponerentur
1064 704 1224 763 secundum

213 810 256 865 ea,
280 810 356 867 quae
378 792 550 851 tractabant
572 795 755 869 argumenta.
802 796 892 869 atque
915 793 1083 870 argumenti
1105 793 1225 868 quidem

213 880 407 938 similitudine
434 881 547 940 factum
579 900 642 940 esse
668 882 850 957 putaverim,
881 883 916 940 ut
942 885 1011 957 post
1039 882 1172 940 litteram
1195 886 1224 957 ἇ,

213 969 295 1027 cuius
322 970 439 1045 potiore
468 973 554 1044 parte
584 974 723 1048 ageretur
748 968 814 1052 περὶ
846 967 1032 1051 ἀγαλμάτων,
1064 973 1225 1046 poneretur

212 1060 359 1117 tractatus
374 1056 439 1139 περὶ
458 1062 578 1136 στηλῶν.
607 1079 702 1134 neque
720 1078 790 1118 vero
810 1079 877 1118 cum
895 1079 939 1133 eu,
956 1060 985 1118 h.
1000 1079 1024 1118 e.
1044 1078 1111 1118 cum
1129 1061 1223 1120 altero

213 1147 322 1206 codicis
349 1147 376 1205 R
400 1147 511 1223 sepite,
548 1147 709 1208 Laurentio
743 1148 906 1224 quidquam
938 1151 995 1207 est:
1036 1148 1113 1206 illud
1145 1149 1220 1207 enim

213 1235 371 1296 oriundum
394 1255 457 1294 esse
476 1256 491 1294 e
514 1236 589 1296 libro
608 1256 697 1313 quem
713 1240 822 1297 vocant
841 1236 1041 1316 Παραστόσεις
1060 1235 1224 1314 συντόμους

213 1324 350 1404 χρονικᾶς
374 1325 538 1383 luculenter
556 1326 772 1386 demonstravit
790 1326 961 1386 Theodorus
979 1326 1090 1402 Preger
1107 1327 1139 1383 in
1157 1347 1223 1402 pro·

212 1415 756 1491 grammate'gymnasiiMaximilienei
764 1415 948 1474 Monacensis
957 1415 1223 1490 a.1895p.28sqq.

212 1499 367 1580 (Beitrtge
390 1523 441 1560 zur
464 1503 706 1580 Textgesehichte
729 1505 782 1562 der
805 1504 920 1583 Πότρια
940 1503 1225 1563 Κωνσταντινονπό-

211 1588 304 1668 λεως).
338 1611 372 1649 ex
390 1611 450 1650 uno
469 1596 570 1651 autem
589 1594 749 1670 eodemque
769 1596 889 1653 auctore
908 1593 1033 1651 deducta
1052 1595 1130 1667 sunt,
1148 1611 1224 1668 quae

212 1681 245 1737 in
268 1681 366 1755 eapite
389 1683 472 1740 sexto
493 1681 643 1741 codicislt
660 1682 810 1758 leguntur,
833 1681 912 1757 quod
930 1700 948 1739 a
966 1681 1088 1740 librario
1108 1699 1123 1739 e
1143 1682 1224 1740 scho-

212 1769 261 1826 liis
285 1768 324 1826 ad
346 1769 484 1844 Dionysii
507 1770 679 1848 Periegetae
704 1774 734 1829 et
752 1770 840 1828 Arati
864 1789 953 1845 opere
976 1770 1133 1844 adscriptis
1157 1789 1224 1830 con-

213 1860 313 1915 sutum
332 1875 394 1914 esse
409 1857 512 1915 statim
525 1858 601 1917 vidit
615 1859 654 1917 M.
670 1859 755 1933 Treu,
776 1877 869 1934 quare
882 1858 959 1917 illud
973 1877 1100 1934 quoqne,
1119 1862 1224 1934 utpote

214 1945 294 2020 quod
322 1944 360 2003 ad
382 1945 580 2004 Laurentium
607 1967 666 2007 non
693 1945 855 2023 pertineat,
882 1948 1038 2024 neglegere
1060 1966 1224 2023 possumus.

280 2033 463 2093 Accedamus
481 2035 543 2093 iem
562 2034 599 2093 ad
618 2039 760 2112 quartum
781 2036 860 2111 quod
883 2035 1005 2094 distinxi
1023 2039 1123 2112 caput,
1146 2036 1225 2111 quod

214 2122 345 2182 atitulo
372 2120 438 2202 περὶ
466 2123 680 2196 οἰωνοσκοπίας
711 2133 770 2184 τῶν
804 2123 949 2205 Οὐάρνων
980 2125 1109 2200 incipere
1142 2125 1224 2183 iussi.
1272 2128 1274 2134 '

214 2231 395 2287 quemquem
410 2212 488 2270 enim
501 2212 533 2270 in
542 2213 712 2272 Vamorum
725 2233 820 2273 mores
834 2213 939 2273 incidit
953 2217 1057 2273 auctor
1070 2213 1132 2272 iem
1145 2214 1176 2271 in
1189 2233 1225 2272 ea

214 2321 290 2376 quee
322 2302 474 2376 praecedit
505 2304 694 2378 paragrapho
726 2300 793 2383 περὶ
821 2302 955 2382 Βριττίας
984 2301 1093 2379 νήσου,
1124 2306 1226 2360 tamen

214 2391 382 2466 argumenti
415 2391 607 2450 similitudine
642 2392 792 2466 docemur,
828 2392 997 2451 Varnorum
1028 2391 1155 2467 augmic
1187 2391 1225 2450 ed

214 2478 371 2554 sequentia
392 2480 492 2555 potius
514 2479 660 2539 trahenda
687 2500 763 2556 esse,
792 2480 824 2538 in
851 2479 959 2556 quibus
987 2499 1022 2538 ea
1049 2499 1126 2555 quae
1148 2483 1225 2539 trac·

213 2569 296 2625 tatur
317 2567 444 2626 materia
472 2568 529 2627 sibi
556 2572 685 2628 constet:
713 2571 814 2646 agitur
839 2569 952 2627 scilicet
973 2569 1009 2626 de
1033 2568 1225 2644 divinatione,

216 2655 363 2730 quomodo
387 2655 440 2714 fiat
463 2657 543 2732 apud
566 2658 698 2734 singulos
721 2659 854 2734 populos
884 2661 914 2716 et
937 2657 973 2715 de
997 2659 1131 2733 ostentis,
1154 2677 1226 2734 qua-

215 2764 284 2802 nam
315 2744 345 2802 vi
378 2744 489 2804 fuerint
514 2746 547 2803 in
578 2747 650 2806 fetis
676 2748 891 2823 imperatorum
918 2749 949 2805 et
975 2765 1153 2823 magnorum
1181 2767 1225 2805 re-

214 2851 342 2910 gnorum
360 2833 570 2893 conditoribus.
613 2840 676 2894 crte
696 2839 797 2895 autem
815 2835 894 2893 inter
917 2853 948 2894 se
967 2835 1139 2894 coniunctas
1163 2854 1226 2894 esse

214 2921 348 2997 singulas
371 2924 472 2998 partes
500 2923 720 2983 demonstretur
747 2925 794 2983 his
821 2924 907 2984 loeis:
939 2944 968 2999 p.
993 2925 1074 2999 26,3
1098 2922 1226 2984 κατὰτὸ

215 3010 396 3088 μάντευμα
420 3059 425 3070 .
451 3055 458 3069 .
480 3011 678 3089 τετελευτήκει.
702 3046 743 3054 -
771 3034 799 3089 p.
825 3013 905 3089 26,5
930 3009 997 3093 περὶ
1018 3012 1226 3091 Κάλχαντος

215 3108 268 3159 τοῦ
299 3091 371 3180 παρ’
389 3091 515 3184 Ὁμήρῳ.
561 3101 774 3179 μνησθήσομαι
805 3098 837 3161 δὲ
867 3098 917 3160 καὶ
948 3098 1047 3180 ἑτέρου
1077 3100 1226 3179 μαντεύ-

215 3210 329 3266 ματος.
355 3221 396 3229 -
419 3208 448 3264 p.
472 3190 554 3264 28,4
576 3187 644 3269 περὶ
667 3191 789 3269 σημείου
811 3187 862 3250 καὶ
889 3186 1004 3269 τέρατος
1033 3182 1227 3271 (explanetur

216 3276 426 3336 Calchantis
451 3271 634 3360 augurium).
655 3313 697 3320 —-
715 3301 743 3355 p.
769 3281 870 3355 28,st
896 3277 1108 3356 μνησθήσομαι
1132 3275 1163 3338 δὲ
1186 3277 1226 3338 ἔτι

216 3374 268 3424 τοῦ
296 3364 329 3425 ἕν
360 3371 400 3450 τῷ
421 3364 542 3450 πέμπτῳ
574 3366 662 3453 λόγῳ
695 3368 869 3449 Προκοπίου
901 3367 1151 3445 μαντεύματος.
1184 3401 1225 3409 -

215 3474 244 3529 p.
274 3457 352 3521 29,1
386 3464 439 3515 τοῦ
476 3453 567 3515 αὐτοῦ
604 3456 710 3536 λόγου
746 3455 811 3537 περὶ
847 3455 1075 3535 παρατηρήσεως
1112 3455 1227 3528 εἰκόνος

215 3535 383 3622 (ostentum
414 3537 587 3625 quoddam).
623 3577 660 3586 -
694 3567 723 3622 p.
753 3547 856 3621 29,14
886 3542 953 3624 περὶ
982 3545 1074 3604 Γαΐου
1102 3537 1226 3605 Ἰουλίου

215 3630 372 3712 Καίσαρος.
419 3631 437 3692 ό
442 3656 546 3711 μονον
569 3638 627 3694 κτλ.
658 3627 769 3716 (simile
802 3630 975 3710 ostentum).
1021 3638 1160 3693 secuntur
1192 3653 1227 3692 ea
