2760 4234
249 287 312 350 180
478 285 706 341 FRAGMENTA
724 286 907 342 INCER'I'AE
925 287 1025 342 SEDIS

212 449 354 535 S‘Ean'qc
384 452 430 526 εἰς
458 452 611 534 φυλακην
639 460 699 515 τοῦ
726 449 801 536 παρ’
829 451 911 537 αὐτῇ
941 451 1114 516 ἀθανάτου
1141 453 1257 536 πυρός,

246 558 397 643 καθάπερ
422 556 461 624 έν,
476 555 635 641 Ἀθήναις
657 553 736 622 ποτὲ
764 557 801 623 έν
823 566 869 646 τῷ
891 568 949 642 τῆς
972 559 1141 633 Πολιάδος
1162 556 1258 640 Ἀθη-

247 672 308 738 νᾶς
337 663 447 751 άδύτφ
476 665 543 729 ὑπὸ
570 667 805 740 Δευκαλίωνος
835 663 963 747 λέγεται
992 663 1163 729 ἀθάνατον
1190 673 1257 749 πῦρ

247 768 459 853 ἀνατεθῆναι.
496 772 526 835 εί
549 766 611 836 οὖν
634 769 756 854 συνέβη
780 772 817 835 τὸ
840 780 907 857 πῦρ
932 773 1026 855 άφνω
1051 770 1258 854 ἀποσβεσθῆ-

221 900 314 960 ιναι,
342 876 359 942 ὁ
383 873 444 967 μέν
467 877 639 963 ἀρχιερεὺς
667 878 804 963 ῥάβδοις
826 876 1064 962 ημφιεσμέναις
1086 880 1179 942 ἔπαιε
1201 879 1258 954 τὰς

247 981 453 1068 παρθένους,
490 987 670 1062 συνθλίψει
702 980 740 1049 δὲ
772 982 880 1062 ξύλων
911 983 1081 1050 άειθαλῦν
1112 983 1182 1050 ἀλλ’
1217 984 1257 1048 οὐ

248 1087 329 1175 πυρὶ
359 1084 460 1166 αὖθις
490 1089 651 1174 άνηπτετο
681 1093 761 1174 μετά
790 1115 892 1156 τινων
922 1090 1086 1173 έπιλόγων
1115 1093 1153 1156 τὸ
1182 1100 1257 1177 πῦρ.

247 1207 373 1262 κεῖνται
405 1193 443 1262 δὲ
473 1208 543 1274 τοῖς
574 1196 791 1282 βουλομένοις
820 1199 861 1261 τὰ
890 1200 987 1280 λόγια
1014 1199 1104 1284 παρὰ
1137 1199 1257 1280 Τάγητι

221 1301 302 1367 9καλ
325 1306 497 1369 Καπίτωνι
520 1303 575 1369 καὶ
598 1309 737 1369 Πίσωνι.

141 1373 169 1413 de
178 1383 239 1423 mg.

158 1427 224 1468 1112.
316 1411 334 1473 7
360 1418 441 1486 (169).
470 1410 581 1497 Πέρας
609 1415 705 1495 ἔλαβε
728 1413 767 1476 τδι
792 1415 945 1499 Φοντηΐφ
968 1419 1014 1498 τῷ
1032 1410 1175 1498 Ῥωμαίφ
1191 1420 1312 1475 deesth

153 1481 233 1585 mg)
250 1516 396 1603 ῥηθέντα
413 1515 507 1583 ποτέ·
531 1517 656 1594 ἐκεῖνος
676 1520 739 1604 γὰρ
759 1521 892 1603 στίχους
910 1517 1073 1594 δοθέντας
1090 1518 1184 1593 τινδις
1202 1518 1259 1599 δῆ-

248 1631 313 1690 θεν
336 1623 487 1712 Ῥωμύλφ
517 1621 597 1691 ποτέ
623 1629 775 1710 πατρίοις
806 1625 948 1710 ῥήμασιν
976 1622 1150 1709 ἀναφέρει,
1181 1625 1258 1699 τοὺς

249 1729 445 1814 ἀναφανδὸν
475 1730 716 1817 προλέγοντας,
752 1734 825 1797 τότε
852 1731 1029 1815 Ῥωμαίους
1064 1731 1125 1813 τὴν
1156 1731 1259 1814 τύχην

250 1835 455 1920 ἀπολείψειν,
478 1838 559 1902 ὅταν
581 1836 675 1903 αὐτοὶ
700 1848 757 1922 της
777 1842 919 1924 πατρίου
942 1847 1056 1922 φωνῆς
1074 1836 1260 1903 ἐπιλάθων-

211 1967 236 2007 15
251 1965 312 2007 ται.
357 1941 412 2007 καὶ
435 1945 494 2009 τὸν
516 1939 577 2028 μὲν
600 1947 781 2028 λεγόμενον
798 1945 946 2030 χρησμὸν
964 1955 1033 2020 τοῖς
1051 1941 1127 2028 περὶ
1146 1955 1260 2028 μηνῶν

248 2059 426 2134 γραφεῖσιν
448 2050 688 2135 έντεθείιιαμεν.

143 2155 241 2249 ,ξὲῡῇ
317 2156 337 2220 8
357 2165 439 2233 (170).
454 2155 524 2222 Ὅτι
538 2156 719 2242 Ἀσωνίδης
733 2157 887 2244 ἐρασθεὶς
900 2158 1001 2242 αὐτῆς
1016 2156 1086 2245 (της
1099 2160 1181 2223 Νιό-
1196 2167 1314 2220 deesfflr

156 2257 227 2304 9¹⁶⁷
249 2261 323 2351 βης)
340 2264 384 2348 μὴ
397 2268 588 2347 πεισθείσης
602 2266 661 2329 τὸν
675 2261 769 2330 οἶκον
788 2264 978 2349 ἐνέπρησεν·
997 2265 1017 2349 η
1037 2260 1074 2329 δὲ
1088 2264 1259 2348 φεύγουσα

249 2370 363 2450 εὔξατο
387 2377 578 2455 λιθωθῆναι
600 2370 655 2436 καὶ
679 2372 838 2455 ἐλιθώθη.

143 2487 256 2543 ῦεδιοο.
317 2479 336 2541 9
356 2486 438 2554 (171).
453 2477 522 2543 Ὅτι
536 2479 679 2564 κάρμινα
697 2480 787 2564 παρὰ
800 2477 969 2563 Ῥωμαίοις
988 2482 1114 2560 λέγεται
1133 2479 1173 2541 τδι
1191 2486 1313 2541 deesth

210 2612 235 2649 ω
250 2587 310 2668 έπη
334 2583 388 2649 καὶ
410 2589 601 2670 Καρμεντία
623 2585 643 2668 ἡ
667 2589 811 2669 μαντεία.

319 2690 360 2754 10
384 2699 466 2766 (171).
485 2689 555 2755 Ὅτι
570 2693 753 2777 δηλάτορας
767 2694 845 2767 τοὺς
859 2693 1036 2775 διαβόλους
1050 2690 1105 2756 καὶ
1120 2708 1177 2756 συ-
1191 2700 1314 2754 deesth

249 2798 416 2880 ιιοφάντας
438 2802 576 2862 καλοῦσι
594 2797 753 2881 Ῥωμαῖοι.

318 2903 355 2967 11
378 2912 460 2979 (173).
478 2908 653 2990 Φορτοῦνα
666 2906 756 2991 παρὰ
765 2904 933 2989 Ῥωμαίοις
946 2905 967 2989 η
982 2905 1185 2990 εὐδαιμονία.
1195 2914 1317 2968 deesth

210 3038 236 3078 ει
319 3011 360 3074 12
384 3018 466 3086 (171).
491 3014 629 3097 Σπάρτα
646 3014 735 3098 παρδι
754 3012 866 3089 αὐτοῖς
888 3012 908 3096 ἡ
929 3016 1057 3098 σπυρίς,
1078 3013 1098 3095 ἣ
1117 3009 1172 3076 καὶ
1190 3021 1315 3075 deesth

250 3121 369 3203 φίσκος
382 3122 539 3200 καλεῖται,
552 3117 615 3183 κάν
628 3119 809 3204 διαφέρωσι
824 3128 870 3206 τῷ
880 3122 1002 3203 φίσκον
1015 3115 1077 3203 μὲν
1086 3124 1260 3183 καλεῖσθαι

250 3226 310 3309 τὴν
340 3225 513 3311 ῥαβδωτην
539 3227 739 3309 πλεκτάνην,
771 3229 917 3310 σπόρταν
947 3221 983 3290 δὲ
1012 3225 1073 3307 τὴν
1100 3225 1259 3308 φλοιώδη.

321 3400 344 3436 v.
361 3387 376 3434 5
395 3386 461 3452 post
474 3371 590 3454 ῥάβδοῆ
608 3381 753 3436 intercidit
766 3381 885 3436 fortasse
900 3382 1008 3451 aliquid
1081 3387 1096 3434 6
1116 3377 1259 3447 συντλίψει

251 3452 282 3521 S,
306 3453 382 3521 quod
404 3453 511 3507 correxi
601 3459 633 3506 17
653 3454 668 3508 ὁ
693 3451 723 3507 δὲ
746 3450 829 3515 λυδός
851 3471 952 3522 φησιν,
976 3451 1017 3506 ὅτι
1032 3484 1066 3492 -
1082 3457 1114 3505 19
1133 3450 1259 3520 έλιθώθη

251 3522 337 3578 schol.
364 3523 503 3579 Villoison
529 3544 556 3594 p.
580 3530 631 3578 531
746 3528 778 3577 18
804 3525 930 3586 πεισθείς
961 3523 1060 3592 schol„
1093 3539 1161 3576 corr.
1184 3522 1260 3576 Hase

251 3599 266 3658 ς
277 3599 326 3646 171
342 3592 441 3666 Georg.
453 3596 566 3650 Cedren.
576 3595 643 3650 hist.
654 3612 742 3665 comp.
752 3614 779 3665 p.
790 3601 850 3664 294,
862 3601 893 3650 11
906 3597 992 3650 Bonn.
1052 3599 1127 3661 §172
1144 3592 1259 3647 Cedren.

250 3663 319 3718 ibid.
338 3682 365 3733 p.
381 3672 441 3734 298,
457 3672 471 3719 7
544 3674 559 3734 ἓ
579 3672 705 3721 173174
724 3666 838 3721 Oedren.
857 3666 925 3721 ibid.
944 3685 971 3736 p.
987 3671 1046 3735 297,
1062 3671 1147 3734 fisqq⁴
