<?xml version="1.0" encoding="UTF-8"?>
<!DOCTYPE html PUBLIC "-//W3C//DTD XHTML 1.0 Transitional//EN"
    "http://www.w3.org/TR/xhtml1/DTD/xhtml1-transitional.dtd">
<html xmlns="http://www.w3.org/1999/xhtml" xml:lang="en" lang="en">
 <head>
  <title>
</title>
<meta http-equiv="Content-Type" content="text/html;charset=utf-8" />
  <meta name='ocr-system' content='tesseract 3.04.00' />
  <meta name='ocr-capabilities' content='ocr_page ocr_carea ocr_par ocr_line ocrx_word'/>
</head>
<body>
  <div class='ocr_page' id='page_1' title='image "./ioannislaurenti02wuengoog_0037.png"; bbox 0 0 2788 4222; ppageno 0'>
   <div class='ocr_carea' id='block_1_1' title="bbox 251 267 854 324">
    <p class='ocr_par' dir='ltr' id='par_1_1' title="bbox 251 267 854 324">
     <span class='ocr_line' id='line_1_1' title="bbox 251 267 854 324; baseline 0 0"><span class='ocrx_word' id='word_1_1' title='bbox 251 268 362 324; x_wconf 87' lang='lat' dir='ltr'><strong>XXXIV</strong></span> <span class='ocrx_word' id='word_1_2' title='bbox 649 267 854 324; x_wconf 78' lang='lat' dir='ltr'><strong>PRAEFATIO</strong></span> 
     </span>
    </p>
   </div>
   <div class='ocr_carea' id='block_1_2' title="bbox 245 429 1266 2555">
    <p class='ocr_par' dir='ltr' id='par_1_2' title="bbox 247 429 1261 602">
     <span class='ocr_line' id='line_1_2' title="bbox 247 429 1261 558; baseline 0.002 -62"><span class='ocrx_word' id='word_1_3' title='bbox 247 436 460 511; x_wconf 87' lang='lat' dir='ltr'><strong>chhsmnth‚</strong></span> <span class='ocrx_word' id='word_1_4' title='bbox 494 436 531 495; x_wconf 87' lang='lat' dir='ltr'><strong>cf.</strong></span> <span class='ocrx_word' id='word_1_5' title='bbox 564 435 600 494; x_wconf 89' lang='lat' dir='ltr'><strong>de</strong></span> <span class='ocrx_word' id='word_1_6' title='bbox 628 453 720 496; x_wconf 91' lang='lat' dir='ltr'><strong>mens.</strong></span> <span class='ocrx_word' id='word_1_7' title='bbox 747 456 777 513; x_wconf 93' lang='lat' dir='ltr'>p</span> <span class='ocrx_word' id='word_1_8' title='bbox 801 438 852 513; x_wconf 85' lang='grc'><strong>52,</strong></span> <span class='ocrx_word' id='word_1_9' title='bbox 868 438 885 496; x_wconf 86' lang='grc'><strong>7</strong></span> <span class='ocrx_word' id='word_1_10' title='bbox 910 429 1003 520; x_wconf 87' lang='grc'><strong>000..)</strong></span> <span class='ocrx_word' id='word_1_11' title='bbox 1048 437 1129 496; x_wconf 82' lang='lat' dir='ltr'><strong>edite</strong></span> <span class='ocrx_word' id='word_1_12' title='bbox 1159 440 1261 558; x_wconf 83' lang='lat' dir='ltr'><strong>entem</strong></span> 
     </span>
     <span class='ocr_line' id='line_1_3' title="bbox 247 523 970 602; baseline -0.001 -16"><span class='ocrx_word' id='word_1_13' title='bbox 247 527 318 586; x_wconf 90' lang='lat' dir='ltr'><strong>sunt</strong></span> <span class='ocrx_word' id='word_1_14' title='bbox 341 543 376 585; x_wconf 89' lang='grc'><strong>00</strong></span> <span class='ocrx_word' id='word_1_15' title='bbox 399 524 524 601; x_wconf 78' lang='lat' dir='ltr'><strong>abipso</strong></span> <span class='ocrx_word' id='word_1_16' title='bbox 547 523 743 585; x_wconf 84' lang='lat' dir='ltr'><strong>Boissonedio</strong></span> <span class='ocrx_word' id='word_1_17' title='bbox 766 525 786 584; x_wconf 97' lang='lat' dir='ltr'><strong>l.</strong></span> <span class='ocrx_word' id='word_1_18' title='bbox 805 543 827 585; x_wconf 92' lang='lat' dir='ltr'><strong>s.</strong></span> <span class='ocrx_word' id='word_1_19' title='bbox 846 544 876 602; x_wconf 92' lang='lat' dir='ltr'><strong>p.</strong></span> <span class='ocrx_word' id='word_1_20' title='bbox 894 528 970 586; x_wconf 87' lang='grc'><strong>416.</strong></span> 
     </span>
    </p>

    <p class='ocr_par' dir='ltr' id='par_1_3' title="bbox 245 553 1266 2113">
     <span class='ocr_line' id='line_1_4' title="bbox 313 553 1264 763; baseline 0.005 -92"><span class='ocrx_word' id='word_1_21' title='bbox 313 613 349 672; x_wconf 92' lang='lat' dir='ltr'><strong>Id</strong></span> <span class='ocrx_word' id='word_1_22' title='bbox 372 632 502 690; x_wconf 89' lang='grc'><strong>000000,</strong></span> <span class='ocrx_word' id='word_1_23' title='bbox 523 613 646 689; x_wconf 86' lang='lat' dir='ltr'><strong>quodf.</strong></span> <span class='ocrx_word' id='word_1_24' title='bbox 671 615 729 674; x_wconf 87' lang='lat'><strong>98</strong></span> <span class='ocrx_word' id='word_1_25' title='bbox 751 613 860 674; x_wconf 83' lang='lat' dir='ltr'><strong>codicis</strong></span> <span class='ocrx_word' id='word_1_26' title='bbox 878 613 902 673; x_wconf 94' lang='lat' dir='ltr'>P</span> <span class='ocrx_word' id='word_1_27' title='bbox 905 612 1035 763; x_wconf 70' lang='grc' dir='ltr'><strong>ὸ10011οτ</strong></span> <span class='ocrx_word' id='word_1_28' title='bbox 1057 553 1264 692; x_wconf 77' lang='lat' dir='ltr'><strong>fragmentum</strong></span> 
     </span>
     <span class='ocr_line' id='line_1_5' title="bbox 245 699 1263 783; baseline 0.004 -22"><span class='ocrx_word' id='word_1_29' title='bbox 245 699 313 781; x_wconf 72' lang='grc' dir='ltr'><strong>περὶ</strong></span> <span class='ocrx_word' id='word_1_30' title='bbox 331 710 383 762; x_wconf 83' lang='grc' dir='ltr'><strong>τοῦ</strong></span> <span class='ocrx_word' id='word_1_31' title='bbox 406 705 561 762; x_wconf 79' lang='grc' dir='ltr'><em>καλεῖσθαι</em></span> <span class='ocrx_word' id='word_1_32' title='bbox 574 700 705 779; x_wconf 82' lang='grc' dir='ltr'><em>Δάφνην</em></span> <span class='ocrx_word' id='word_1_33' title='bbox 727 700 782 780; x_wconf 75' lang='grc' dir='ltr'><strong>τὴν</strong></span> <span class='ocrx_word' id='word_1_34' title='bbox 803 699 870 783; x_wconf 78' lang='grc' dir='ltr'><em>περι</em></span> <span class='ocrx_word' id='word_1_35' title='bbox 889 725 903 761; x_wconf 81' lang='grc' dir='ltr'><strong>τ</strong></span> <span class='ocrx_word' id='word_1_36' title='bbox 905 699 1090 764; x_wconf 76' lang='grc' dir='ltr'><em>ὸΠοιλάτιον</em></span> <span class='ocrx_word' id='word_1_37' title='bbox 1114 725 1129 764; x_wconf 89' lang='grc'><strong>0</strong></span> <span class='ocrx_word' id='word_1_38' title='bbox 1147 705 1263 765; x_wconf 83' lang='lat' dir='ltr'><strong>meiere</strong></span> 
     </span>
     <span class='ocr_line' id='line_1_6' title="bbox 247 784 1261 875; baseline 0.004 -27"><span class='ocrx_word' id='word_1_39' title='bbox 247 792 333 868; x_wconf 76' lang='lat' dir='ltr'><strong>pente</strong></span> <span class='ocrx_word' id='word_1_40' title='bbox 357 791 504 851; x_wconf 77' lang='lat' dir='ltr'><strong>consentit</strong></span> <span class='ocrx_word' id='word_1_41' title='bbox 527 809 595 850; x_wconf 91' lang='lat' dir='ltr'><strong>cum</strong></span> <span class='ocrx_word' id='word_1_42' title='bbox 612 790 691 867; x_wconf 84' lang='lat' dir='ltr'><strong>Lydi</strong></span> <span class='ocrx_word' id='word_1_43' title='bbox 713 789 812 852; x_wconf 90' lang='lat' dir='ltr'><strong>codice</strong></span> <span class='ocrx_word' id='word_1_44' title='bbox 828 790 848 850; x_wconf 84' lang='lat' dir='ltr'>S</span> <span class='ocrx_word' id='word_1_45' title='bbox 867 784 951 873; x_wconf 83' lang='lat' dir='ltr'><strong>(inde</strong></span> <span class='ocrx_word' id='word_1_46' title='bbox 974 791 1012 850; x_wconf 84' lang='lat' dir='ltr'><strong>eb</strong></span> <span class='ocrx_word' id='word_1_47' title='bbox 1036 792 1079 851; x_wconf 90' lang='lat' dir='ltr'><strong>ed</strong></span> <span class='ocrx_word' id='word_1_48' title='bbox 1094 813 1123 868; x_wconf 90' lang='lat' dir='ltr'><strong>p.</strong></span> <span class='ocrx_word' id='word_1_49' title='bbox 1139 784 1261 875; x_wconf 87' lang='lat'>68,11),</span> 
     </span>
     <span class='ocr_line' id='line_1_7' title="bbox 248 878 1263 966; baseline 0.005 -29"><span class='ocrx_word' id='word_1_50' title='bbox 248 881 278 938; x_wconf 90' lang='lat' dir='ltr'><strong>et</strong></span> <span class='ocrx_word' id='word_1_51' title='bbox 301 879 332 938; x_wconf 90' lang='lat' dir='ltr'><strong>in</strong></span> <span class='ocrx_word' id='word_1_52' title='bbox 356 900 399 956; x_wconf 88' lang='grc'><strong>00,</strong></span> <span class='ocrx_word' id='word_1_53' title='bbox 424 897 484 956; x_wconf 86' lang='grc'><strong>000</strong></span> <span class='ocrx_word' id='word_1_54' title='bbox 506 878 617 939; x_wconf 89' lang='lat' dir='ltr'><strong>nullius</strong></span> <span class='ocrx_word' id='word_1_55' title='bbox 631 879 765 966; x_wconf 63' lang='lat' dir='ltr'><strong>nulterius</strong></span> <span class='ocrx_word' id='word_1_56' title='bbox 788 879 896 940; x_wconf 90' lang='lat' dir='ltr'><strong>codicis</strong></span> <span class='ocrx_word' id='word_1_57' title='bbox 918 879 1123 940; x_wconf 82' lang='lat' dir='ltr'><strong>testimonium</strong></span> <span class='ocrx_word' id='word_1_58' title='bbox 1140 885 1263 958; x_wconf 82' lang='lat' dir='ltr'><strong>praesto</strong></span> 
     </span>
     <span class='ocr_line' id='line_1_8' title="bbox 247 967 1261 1046; baseline 0.004 -20"><span class='ocrx_word' id='word_1_59' title='bbox 247 967 332 1026; x_wconf 91' lang='lat' dir='ltr'><strong>nobis</strong></span> <span class='ocrx_word' id='word_1_60' title='bbox 351 971 406 1044; x_wconf 85' lang='lat' dir='ltr'><strong>est,</strong></span> <span class='ocrx_word' id='word_1_61' title='bbox 427 970 522 1046; x_wconf 83' lang='lat' dir='ltr'><strong>perte,</strong></span> <span class='ocrx_word' id='word_1_62' title='bbox 544 967 590 1028; x_wconf 88' lang='lat' dir='ltr'><strong>bis</strong></span> <span class='ocrx_word' id='word_1_63' title='bbox 614 967 653 1027; x_wconf 83' lang='lat' dir='ltr'><strong>ed</strong></span> <span class='ocrx_word' id='word_1_64' title='bbox 671 968 798 1028; x_wconf 84' lang='lat' dir='ltr'><strong>eliorum</strong></span> <span class='ocrx_word' id='word_1_65' title='bbox 816 967 887 1027; x_wconf 90' lang='lat' dir='ltr'>libri</span> <span class='ocrx_word' id='word_1_66' title='bbox 905 968 940 1028; x_wconf 92' lang='lat' dir='ltr'><strong>de</strong></span> <span class='ocrx_word' id='word_1_67' title='bbox 958 968 1108 1029; x_wconf 88' lang='lat' dir='ltr'><strong>mensibus</strong></span> <span class='ocrx_word' id='word_1_68' title='bbox 1126 970 1261 1030; x_wconf 90' lang='lat' dir='ltr'><strong>locorum</strong></span> 
     </span>
     <span class='ocr_line' id='line_1_9' title="bbox 246 1049 1261 1140; baseline 0.001 -25"><span class='ocrx_word' id='word_1_69' title='bbox 246 1056 335 1124; x_wconf 86' lang='lat' dir='ltr'><strong>fidem</strong></span> <span class='ocrx_word' id='word_1_70' title='bbox 343 1075 504 1133; x_wconf 75' lang='lat' dir='ltr'><strong>provocare</strong></span> <span class='ocrx_word' id='word_1_71' title='bbox 514 1074 683 1132; x_wconf 88' lang='lat' dir='ltr'><strong>possumus:</strong></span> <span class='ocrx_word' id='word_1_72' title='bbox 698 1056 850 1117; x_wconf 82' lang='grc' dir='ltr'><strong>(101ιο1100</strong></span> <span class='ocrx_word' id='word_1_73' title='bbox 861 1056 981 1118; x_wconf 79' lang='lat' dir='ltr'><strong>Aeneae</strong></span> <span class='ocrx_word' id='word_1_74' title='bbox 989 1075 1089 1118; x_wconf 89' lang='lat' dir='ltr'><strong>socero</strong></span> <span class='ocrx_word' id='word_1_75' title='bbox 1099 1049 1261 1140; x_wconf 65' lang='grc'><strong>(06725)</strong></span> 
     </span>
     <span class='ocr_line' id='line_1_10' title="bbox 246 1143 1259 1224; baseline 0.001 -20"><span class='ocrx_word' id='word_1_76' title='bbox 246 1143 349 1205; x_wconf 80' lang='lat' dir='ltr'><strong>videas</strong></span> <span class='ocrx_word' id='word_1_77' title='bbox 373 1165 402 1222; x_wconf 94' lang='lat' dir='ltr'><strong>p.</strong></span> <span class='ocrx_word' id='word_1_78' title='bbox 424 1148 451 1219; x_wconf 81' lang='grc'><strong>7,</strong></span> <span class='ocrx_word' id='word_1_79' title='bbox 462 1147 514 1224; x_wconf 93' lang='grc'><strong>20,</strong></span> <span class='ocrx_word' id='word_1_80' title='bbox 537 1145 577 1222; x_wconf 89' lang='grc'><strong>01,</strong></span> <span class='ocrx_word' id='word_1_81' title='bbox 604 1145 636 1205; x_wconf 91' lang='lat' dir='ltr'><strong>id</strong></span> <span class='ocrx_word' id='word_1_82' title='bbox 659 1146 740 1222; x_wconf 90' lang='lat' dir='ltr'><strong>quod</strong></span> <span class='ocrx_word' id='word_1_83' title='bbox 763 1145 885 1224; x_wconf 80' lang='lat' dir='ltr'><strong>gravius</strong></span> <span class='ocrx_word' id='word_1_84' title='bbox 909 1149 963 1223; x_wconf 87' lang='lat' dir='ltr'><strong>est,</strong></span> <span class='ocrx_word' id='word_1_85' title='bbox 986 1147 1021 1206; x_wconf 93' lang='lat' dir='ltr'><strong>de</strong></span> <span class='ocrx_word' id='word_1_86' title='bbox 1044 1146 1181 1224; x_wconf 77' lang='lat' dir='ltr'><strong>Daphne,</strong></span> <span class='ocrx_word' id='word_1_87' title='bbox 1201 1147 1259 1205; x_wconf 85' lang='lat' dir='ltr'><strong>Pa-</strong></span> 
     </span>
     <span class='ocr_line' id='line_1_11' title="bbox 246 1231 1262 1314; baseline 0.003 -21"><span class='ocrx_word' id='word_1_88' title='bbox 246 1231 314 1293; x_wconf 80' lang='lat' dir='ltr'><strong>latii</strong></span> <span class='ocrx_word' id='word_1_89' title='bbox 342 1233 504 1311; x_wconf 77' lang='lat' dir='ltr'><strong>Byzantini</strong></span> <span class='ocrx_word' id='word_1_90' title='bbox 532 1236 628 1310; x_wconf 83' lang='lat' dir='ltr'><strong>perte,</strong></span> <span class='ocrx_word' id='word_1_91' title='bbox 657 1234 758 1313; x_wconf 79' lang='lat' dir='ltr'><strong>egitur</strong></span> <span class='ocrx_word' id='word_1_92' title='bbox 791 1255 820 1312; x_wconf 89' lang='lat' dir='ltr'><strong>p.</strong></span> <span class='ocrx_word' id='word_1_93' title='bbox 848 1237 951 1312; x_wconf 80' lang='lat'>163,7.</span> <span class='ocrx_word' id='word_1_94' title='bbox 1006 1253 1083 1314; x_wconf 90' lang='grc'><strong>0000</strong></span> <span class='ocrx_word' id='word_1_95' title='bbox 1116 1251 1184 1296; x_wconf 86' lang='lat' dir='ltr'><strong>cum</strong></span> <span class='ocrx_word' id='word_1_96' title='bbox 1215 1235 1262 1296; x_wconf 88' lang='grc'><strong>110</strong></span> 
     </span>
     <span class='ocr_line' id='line_1_12' title="bbox 247 1323 1261 1402; baseline 0.001 -19"><span class='ocrx_word' id='word_1_97' title='bbox 247 1326 359 1398; x_wconf 87' lang='lat' dir='ltr'><strong>essent,</strong></span> <span class='ocrx_word' id='word_1_98' title='bbox 388 1323 591 1402; x_wconf 72' lang='lat' dir='ltr'><strong>fragmentum</strong></span> <span class='ocrx_word' id='word_1_99' title='bbox 618 1323 696 1382; x_wconf 90' lang='lat' dir='ltr'><strong>illud</strong></span> <span class='ocrx_word' id='word_1_100' title='bbox 723 1323 874 1402; x_wconf 79' lang='lat' dir='ltr'><strong>integrum</strong></span> <span class='ocrx_word' id='word_1_101' title='bbox 896 1323 1002 1384; x_wconf 86' lang='lat' dir='ltr'><strong>rettuli</strong></span> <span class='ocrx_word' id='word_1_102' title='bbox 1028 1324 1067 1383; x_wconf 87' lang='lat' dir='ltr'><strong>ed</strong></span> <span class='ocrx_word' id='word_1_103' title='bbox 1090 1324 1261 1385; x_wconf 83' lang='lat' dir='ltr'><strong>editionem.</strong></span> 
     </span>
     <span class='ocr_line' id='line_1_13' title="bbox 247 1410 1263 1490; baseline 0.001 -18"><span class='ocrx_word' id='word_1_104' title='bbox 247 1431 367 1472; x_wconf 88' lang='lat' dir='ltr'><strong>monere</strong></span> <span class='ocrx_word' id='word_1_105' title='bbox 391 1413 493 1471; x_wconf 83' lang='lat' dir='ltr'><strong>entem</strong></span> <span class='ocrx_word' id='word_1_106' title='bbox 514 1410 617 1489; x_wconf 89' lang='grc'><strong>110001,</strong></span> <span class='ocrx_word' id='word_1_107' title='bbox 641 1431 794 1472; x_wconf 87' lang='lat' dir='ltr'><strong>occurrere</strong></span> <span class='ocrx_word' id='word_1_108' title='bbox 816 1413 892 1472; x_wconf 92' lang='lat' dir='ltr'><strong>illud</strong></span> <span class='ocrx_word' id='word_1_109' title='bbox 914 1413 1022 1472; x_wconf 89' lang='lat' dir='ltr'><strong>iterum</strong></span> <span class='ocrx_word' id='word_1_110' title='bbox 1044 1413 1076 1471; x_wconf 92' lang='lat' dir='ltr'><strong>in</strong></span> <span class='ocrx_word' id='word_1_111' title='bbox 1098 1413 1175 1474; x_wconf 87' lang='lat' dir='ltr'><strong>libro</strong></span> <span class='ocrx_word' id='word_1_112' title='bbox 1198 1413 1263 1490; x_wconf 84' lang='lat' dir='ltr'><strong>illo,</strong></span> 
     </span>
     <span class='ocr_line' id='line_1_14' title="bbox 249 1495 1261 1584; baseline 0.001 -25"><span class='ocrx_word' id='word_1_113' title='bbox 249 1521 338 1578; x_wconf 89' lang='lat' dir='ltr'><strong>quem</strong></span> <span class='ocrx_word' id='word_1_114' title='bbox 367 1498 501 1563; x_wconf 82' lang='lat' dir='ltr'><strong>Geviano</strong></span> <span class='ocrx_word' id='word_1_115' title='bbox 528 1501 623 1562; x_wconf 82' lang='lat' dir='ltr'><strong>Besso</strong></span> <span class='ocrx_word' id='word_1_116' title='bbox 650 1501 748 1562; x_wconf 85' lang='lat' dir='ltr'><strong>solent</strong></span> <span class='ocrx_word' id='word_1_117' title='bbox 774 1501 905 1562; x_wconf 85' lang='lat' dir='ltr'><strong>tn&#39;buere</strong></span> <span class='ocrx_word' id='word_1_118' title='bbox 928 1495 994 1584; x_wconf 87' lang='lat' dir='ltr'><strong>(XI,</strong></span> <span class='ocrx_word' id='word_1_119' title='bbox 1014 1495 1059 1584; x_wconf 91' lang='grc'><strong>2),</strong></span> <span class='ocrx_word' id='word_1_120' title='bbox 1081 1501 1261 1579; x_wconf 86' lang='lat' dir='ltr'><strong>inscriptum</strong></span> 
     </span>
     <span class='ocr_line' id='line_1_15' title="bbox 246 1587 1264 1670; baseline 0.003 -22"><span class='ocrx_word' id='word_1_121' title='bbox 246 1587 314 1669; x_wconf 80' lang='grc' dir='ltr'><strong><em>περὶ</em></strong></span> <span class='ocrx_word' id='word_1_122' title='bbox 341 1588 460 1667; x_wconf 80' lang='grc' dir='ltr'><em>δάφνης</em></span> <span class='ocrx_word' id='word_1_123' title='bbox 489 1589 610 1670; x_wconf 81' lang='grc' dir='ltr'><strong>ἱστορία,</strong></span> <span class='ocrx_word' id='word_1_124' title='bbox 643 1590 751 1650; x_wconf 89' lang='lat' dir='ltr'><strong>omisso</strong></span> <span class='ocrx_word' id='word_1_125' title='bbox 779 1591 910 1650; x_wconf 83' lang='lat' dir='ltr'><strong>auctoris</strong></span> <span class='ocrx_word' id='word_1_126' title='bbox 938 1588 1057 1650; x_wconf 89' lang='lat' dir='ltr'><strong>nomine</strong></span> <span class='ocrx_word' id='word_1_127' title='bbox 1085 1593 1115 1650; x_wconf 89' lang='lat' dir='ltr'><strong>et</strong></span> <span class='ocrx_word' id='word_1_128' title='bbox 1141 1592 1264 1651; x_wconf 74' lang='lat' dir='ltr'><strong>mutata·</strong></span> 
     </span>
     <span class='ocr_line' id='line_1_16' title="bbox 248 1675 1263 1755; baseline 0.005 -19"><span class='ocrx_word' id='word_1_129' title='bbox 248 1675 464 1737; x_wconf 79' lang='lat' dir='ltr'><strong>sententiarum</strong></span> <span class='ocrx_word' id='word_1_130' title='bbox 494 1677 572 1738; x_wconf 91' lang='lat' dir='ltr'><strong>sede.</strong></span> <span class='ocrx_word' id='word_1_131' title='bbox 623 1697 700 1755; x_wconf 86' lang='grc'><strong>0000</strong></span> <span class='ocrx_word' id='word_1_132' title='bbox 729 1697 775 1739; x_wconf 87' lang='lat' dir='ltr'><strong>res</strong></span> <span class='ocrx_word' id='word_1_133' title='bbox 810 1680 935 1740; x_wconf 76' lang='lat' dir='ltr'><strong>fortasse</strong></span> <span class='ocrx_word' id='word_1_134' title='bbox 965 1677 1090 1739; x_wconf 76' lang='lat' dir='ltr'><strong>alieuius</strong></span> <span class='ocrx_word' id='word_1_135' title='bbox 1118 1677 1263 1742; x_wconf 84' lang='lat' dir='ltr'><strong>momenti</strong></span> 
     </span>
     <span class='ocr_line' id='line_1_17' title="bbox 247 1766 1266 1845; baseline 0.004 -19"><span class='ocrx_word' id='word_1_136' title='bbox 247 1769 293 1826; x_wconf 89' lang='grc'><strong>001</strong></span> <span class='ocrx_word' id='word_1_137' title='bbox 322 1767 360 1825; x_wconf 85' lang='lat' dir='ltr'><strong>ed</strong></span> <span class='ocrx_word' id='word_1_138' title='bbox 389 1766 588 1826; x_wconf 84' lang='lat' dir='ltr'><strong>definiendum</strong></span> <span class='ocrx_word' id='word_1_139' title='bbox 613 1770 745 1843; x_wconf 87' lang='lat' dir='ltr'><strong>tempus,</strong></span> <span class='ocrx_word' id='word_1_140' title='bbox 775 1787 833 1844; x_wconf 90' lang='grc'><strong>000</strong></span> <span class='ocrx_word' id='word_1_141' title='bbox 861 1767 995 1828; x_wconf 89' lang='lat' dir='ltr'><strong>collectio</strong></span> <span class='ocrx_word' id='word_1_142' title='bbox 1024 1766 1266 1845; x_wconf 84' lang='lat' dir='ltr'><strong>Geoponicorum.</strong></span> 
     </span>
     <span class='ocr_line' id='line_1_18' title="bbox 247 1848 1260 1934; baseline 0.002 -20"><span class='ocrx_word' id='word_1_143' title='bbox 247 1855 329 1914; x_wconf 82' lang='lat' dir='ltr'><strong>facte</strong></span> <span class='ocrx_word' id='word_1_144' title='bbox 344 1848 415 1930; x_wconf 80' lang='lat' dir='ltr'><strong>sit3¹</strong></span> <span class='ocrx_word' id='word_1_145' title='bbox 434 1874 505 1914; x_wconf 84' lang='lat' dir='ltr'><strong>nem</strong></span> <span class='ocrx_word' id='word_1_146' title='bbox 522 1855 548 1914; x_wconf 89' lang='grc'><strong>01</strong></span> <span class='ocrx_word' id='word_1_147' title='bbox 563 1875 578 1914; x_wconf 98' lang='grc'><strong>0</strong></span> <span class='ocrx_word' id='word_1_148' title='bbox 592 1854 670 1932; x_wconf 86' lang='lat' dir='ltr'><strong>Lydi</strong></span> <span class='ocrx_word' id='word_1_149' title='bbox 685 1875 772 1933; x_wconf 89' lang='lat' dir='ltr'><strong>opere</strong></span> <span class='ocrx_word' id='word_1_150' title='bbox 791 1857 847 1916; x_wconf 91' lang='lat' dir='ltr'><strong>hoc</strong></span> <span class='ocrx_word' id='word_1_151' title='bbox 860 1858 951 1932; x_wconf 87' lang='grc'><strong>00001</strong></span> <span class='ocrx_word' id='word_1_152' title='bbox 965 1856 1119 1932; x_wconf 82' lang='lat' dir='ltr'><strong>exscripsit</strong></span> <span class='ocrx_word' id='word_1_153' title='bbox 1129 1889 1170 1898; x_wconf 94' lang='lat'><strong>—</strong></span> <span class='ocrx_word' id='word_1_154' title='bbox 1183 1875 1260 1934; x_wconf 88' lang='grc'><strong>0000</strong></span> 
     </span>
     <span class='ocr_line' id='line_1_19' title="bbox 247 1937 1263 2021; baseline 0.003 -19"><span class='ocrx_word' id='word_1_155' title='bbox 247 1944 382 2021; x_wconf 82' lang='lat' dir='ltr'><strong>proxime</strong></span> <span class='ocrx_word' id='word_1_156' title='bbox 410 1945 456 2003; x_wconf 93' lang='grc'><strong>001</strong></span> <span class='ocrx_word' id='word_1_157' title='bbox 477 1943 647 2004; x_wconf 76' lang='lat' dir='ltr'><strong>coniectura</strong></span> <span class='ocrx_word' id='word_1_158' title='bbox 667 1975 705 1986; x_wconf 91' lang='lat'><strong>-·</strong></span> <span class='ocrx_word' id='word_1_159' title='bbox 726 1946 795 2020; x_wconf 91' lang='lat' dir='ltr'><strong>post</strong></span> <span class='ocrx_word' id='word_1_160' title='bbox 816 1945 948 2004; x_wconf 91' lang='lat' dir='ltr'><strong>medium</strong></span> <span class='ocrx_word' id='word_1_161' title='bbox 971 1946 1086 2005; x_wconf 91' lang='lat' dir='ltr'><strong>sextum</strong></span> <span class='ocrx_word' id='word_1_162' title='bbox 1108 1937 1263 2006; x_wconf 80' lang='lat' dir='ltr'><strong>soeculum</strong></span> 
     </span>
     <span class='ocr_line' id='line_1_20' title="bbox 246 2032 1260 2113; baseline 0.002 -21"><span class='ocrx_word' id='word_1_163' title='bbox 246 2032 355 2093; x_wconf 81' lang='lat' dir='ltr'><strong>vixisse</strong></span> <span class='ocrx_word' id='word_1_164' title='bbox 378 2052 445 2092; x_wconf 89' lang='lat' dir='ltr'><strong>eum</strong></span> <span class='ocrx_word' id='word_1_165' title='bbox 468 2035 604 2110; x_wconf 77' lang='lat' dir='ltr'><strong>apparet,</strong></span> <span class='ocrx_word' id='word_1_166' title='bbox 627 2032 681 2109; x_wconf 91' lang='lat' dir='ltr'><strong>qui</strong></span> <span class='ocrx_word' id='word_1_167' title='bbox 703 2033 906 2094; x_wconf 78' lang='lat' dir='ltr'><strong>collectionem</strong></span> <span class='ocrx_word' id='word_1_168' title='bbox 923 2032 1084 2094; x_wconf 72' lang='lat' dir='ltr'><strong>illem&#39;sibi</strong></span> <span class='ocrx_word' id='word_1_169' title='bbox 1103 2035 1260 2113; x_wconf 84' lang='lat' dir='ltr'><strong>congessit.</strong></span> 
     </span>
    </p>

    <p class='ocr_par' dir='ltr' id='par_1_4' title="bbox 247 2121 1262 2555">
     <span class='ocr_line' id='line_1_21' title="bbox 312 2121 1260 2199; baseline 0.002 -17"><span class='ocrx_word' id='word_1_170' title='bbox 312 2121 498 2182; x_wconf 85' lang='lat' dir='ltr'><strong>Praecedunt</strong></span> <span class='ocrx_word' id='word_1_171' title='bbox 535 2123 636 2182; x_wconf 83' lang='lat' dir='ltr'><strong>eutem</strong></span> <span class='ocrx_word' id='word_1_172' title='bbox 666 2121 699 2180; x_wconf 92' lang='lat' dir='ltr'><strong>in</strong></span> <span class='ocrx_word' id='word_1_173' title='bbox 730 2121 830 2182; x_wconf 85' lang='lat' dir='ltr'><strong>codiee</strong></span> <span class='ocrx_word' id='word_1_174' title='bbox 861 2122 886 2180; x_wconf 95' lang='lat' dir='ltr'>P</span> <span class='ocrx_word' id='word_1_175' title='bbox 917 2122 1075 2198; x_wconf 83' lang='lat' dir='ltr'><strong>nonnulle,</strong></span> <span class='ocrx_word' id='word_1_176' title='bbox 1114 2142 1190 2199; x_wconf 89' lang='grc'><strong>0000</strong></span> <span class='ocrx_word' id='word_1_177' title='bbox 1222 2124 1260 2184; x_wconf 91' lang='lat' dir='ltr'><strong>de</strong></span> 
     </span>
     <span class='ocr_line' id='line_1_22' title="bbox 247 2209 1261 2290; baseline 0.003 -20"><span class='ocrx_word' id='word_1_178' title='bbox 247 2214 361 2288; x_wconf 88' lang='lat' dir='ltr'><strong>septem</strong></span> <span class='ocrx_word' id='word_1_179' title='bbox 384 2209 509 2270; x_wconf 85' lang='lat' dir='ltr'><strong>collibus</strong></span> <span class='ocrx_word' id='word_1_180' title='bbox 531 2210 613 2270; x_wconf 88' lang='lat' dir='ltr'><strong>urbis</strong></span> <span class='ocrx_word' id='word_1_181' title='bbox 635 2210 748 2270; x_wconf 78' lang='lat' dir='ltr'><strong>Romae</strong></span> <span class='ocrx_word' id='word_1_182' title='bbox 772 2230 931 2288; x_wconf 90' lang='lat' dir='ltr'><strong>eorumque</strong></span> <span class='ocrx_word' id='word_1_183' title='bbox 958 2211 1126 2272; x_wconf 87' lang='lat' dir='ltr'><strong>nominibus</strong></span> <span class='ocrx_word' id='word_1_184' title='bbox 1150 2215 1261 2290; x_wconf 82' lang='lat' dir='ltr'><strong>agunt:</strong></span> 
     </span>
     <span class='ocr_line' id='line_1_23' title="bbox 247 2297 1260 2377; baseline 0 -18"><span class='ocrx_word' id='word_1_185' title='bbox 247 2298 384 2377; x_wconf 82' lang='lat' dir='ltr'><strong>Lydiono</strong></span> <span class='ocrx_word' id='word_1_186' title='bbox 406 2297 461 2358; x_wconf 81' lang='lat' dir='ltr'><strong>ille</strong></span> <span class='ocrx_word' id='word_1_187' title='bbox 484 2317 547 2359; x_wconf 89' lang='lat' dir='ltr'><strong>esse</strong></span> <span class='ocrx_word' id='word_1_188' title='bbox 569 2300 790 2359; x_wconf 83' lang='lat' dir='ltr'><strong>demonstratur</strong></span> <span class='ocrx_word' id='word_1_189' title='bbox 812 2319 860 2376; x_wconf 79' lang='lat' dir='ltr'><strong>eo,</strong></span> <span class='ocrx_word' id='word_1_190' title='bbox 883 2299 962 2377; x_wconf 89' lang='lat' dir='ltr'><strong>quod</strong></span> <span class='ocrx_word' id='word_1_191' title='bbox 985 2299 1168 2361; x_wconf 82' lang='lat' dir='ltr'><strong>adverbum</strong></span> <span class='ocrx_word' id='word_1_192' title='bbox 1191 2319 1260 2362; x_wconf 89' lang='lat' dir='ltr'><strong>eon·</strong></span> 
     </span>
     <span class='ocr_line' id='line_1_24' title="bbox 247 2379 1262 2471; baseline -0.002 -22"><span class='ocrx_word' id='word_1_193' title='bbox 247 2389 381 2449; x_wconf 83' lang='lat' dir='ltr'><strong>sentiunt</strong></span> <span class='ocrx_word' id='word_1_194' title='bbox 404 2407 472 2448; x_wconf 90' lang='lat' dir='ltr'><strong>eum</strong></span> <span class='ocrx_word' id='word_1_195' title='bbox 495 2388 594 2449; x_wconf 89' lang='lat' dir='ltr'><strong>codice</strong></span> <span class='ocrx_word' id='word_1_196' title='bbox 619 2387 773 2448; x_wconf 81' lang='lat' dir='ltr'><strong>Oeseolino</strong></span> <span class='ocrx_word' id='word_1_197' title='bbox 798 2379 857 2467; x_wconf 83' lang='lat' dir='ltr'><strong>(ed.</strong></span> <span class='ocrx_word' id='word_1_198' title='bbox 871 2410 900 2465; x_wconf 92' lang='lat' dir='ltr'><strong>p.</strong></span> <span class='ocrx_word' id='word_1_199' title='bbox 916 2390 1017 2465; x_wconf 84' lang='grc'><strong>173,1</strong></span> <span class='ocrx_word' id='word_1_200' title='bbox 1033 2421 1069 2432; x_wconf 88' lang='grc'><strong>-</strong></span> <span class='ocrx_word' id='word_1_201' title='bbox 1083 2383 1128 2471; x_wconf 84' lang='lat'>4).</span> <span class='ocrx_word' id='word_1_202' title='bbox 1162 2408 1262 2464; x_wconf 90' lang='lat' dir='ltr'><strong>neque</strong></span> 
     </span>
     <span class='ocr_line' id='line_1_25' title="bbox 248 2474 1259 2555; baseline -0.003 -18"><span class='ocrx_word' id='word_1_203' title='bbox 248 2477 385 2537; x_wconf 85' lang='lat' dir='ltr'><strong>omittere</strong></span> <span class='ocrx_word' id='word_1_204' title='bbox 407 2474 491 2553; x_wconf 87' lang='grc'><strong>11001,</strong></span> <span class='ocrx_word' id='word_1_205' title='bbox 520 2479 684 2538; x_wconf 72' lang='lat' dir='ltr'><strong>tractatum</strong></span> <span class='ocrx_word' id='word_1_206' title='bbox 710 2475 776 2553; x_wconf 75' lang='grc'><strong>0001</strong></span> <span class='ocrx_word' id='word_1_207' title='bbox 797 2476 926 2555; x_wconf 78' lang='grc' dir='ltr'><em>Δάφνης</em></span> <span class='ocrx_word' id='word_1_208' title='bbox 949 2477 1083 2555; x_wconf 84' lang='lat' dir='ltr'><strong>excipere</strong></span> <span class='ocrx_word' id='word_1_209' title='bbox 1105 2478 1137 2536; x_wconf 91' lang='lat' dir='ltr'><strong>in</strong></span> <span class='ocrx_word' id='word_1_210' title='bbox 1160 2477 1259 2538; x_wconf 88' lang='lat' dir='ltr'><strong>codice</strong></span> 
     </span>
    </p>
   </div>
   <div class='ocr_carea' id='block_1_3' title="bbox 247 2563 1389 2733">
    <p class='ocr_par' dir='ltr' id='par_1_5' title="bbox 247 2563 1389 2733">
     <span class='ocr_line' id='line_1_26' title="bbox 250 2563 1389 2646; baseline -0.003 -21"><span class='ocrx_word' id='word_1_211' title='bbox 250 2565 274 2625; x_wconf 94' lang='lat' dir='ltr'>P</span> <span class='ocrx_word' id='word_1_212' title='bbox 299 2566 427 2627; x_wconf 79' lang='lat' dir='ltr'><strong>alterum</strong></span> <span class='ocrx_word' id='word_1_213' title='bbox 448 2563 547 2626; x_wconf 77' lang='grc' dir='ltr'><em>πόθεν</em></span> <span class='ocrx_word' id='word_1_214' title='bbox 568 2565 709 2645; x_wconf 75' lang='grc' dir='ltr'><em>παρήχθη</em></span> <span class='ocrx_word' id='word_1_215' title='bbox 733 2563 764 2627; x_wconf 80' lang='grc' dir='ltr'><strong>τὸ</strong></span> <span class='ocrx_word' id='word_1_216' title='bbox 787 2564 857 2639; x_wconf 76' lang='grc' dir='ltr'><em>τοὺς</em></span> <span class='ocrx_word' id='word_1_217' title='bbox 878 2565 1016 2638; x_wconf 73' lang='grc' dir='ltr'><em>λιθίνους</em></span> <span class='ocrx_word' id='word_1_218' title='bbox 1037 2563 1184 2646; x_wconf 72' lang='grc' dir='ltr'><em>κρουνοὺς</em></span> <span class='ocrx_word' id='word_1_219' title='bbox 1202 2572 1264 2623; x_wconf 78' lang='grc' dir='ltr'><strong>τῶν</strong></span> <span class='ocrx_word' id='word_1_220' title='bbox 1371 2567 1389 2578; x_wconf 68' lang='grc'><em>“</em></span> 
     </span>
     <span class='ocr_line' id='line_1_27' title="bbox 247 2653 1346 2733; baseline -0.003 -20"><span class='ocrx_word' id='word_1_221' title='bbox 247 2657 348 2730; x_wconf 80' lang='grc' dir='ltr'><em>ληνῶν</em></span> <span class='ocrx_word' id='word_1_222' title='bbox 361 2653 639 2733; x_wconf 76' lang='grc' dir='ltr'><em>λεοντοπροσώιιονς</em></span> <span class='ocrx_word' id='word_1_223' title='bbox 660 2658 767 2732; x_wconf 70' lang='grc' dir='ltr'><em>ποιεῖν,</em></span> <span class='ocrx_word' id='word_1_224' title='bbox 790 2673 866 2731; x_wconf 89' lang='grc'><strong>0000</strong></span> <span class='ocrx_word' id='word_1_225' title='bbox 880 2655 919 2714; x_wconf 82' lang='lat' dir='ltr'><strong>ed</strong></span> <span class='ocrx_word' id='word_1_226' title='bbox 936 2653 1058 2714; x_wconf 83' lang='lat' dir='ltr'><strong>verbnm</strong></span> <span class='ocrx_word' id='word_1_227' title='bbox 1072 2653 1261 2714; x_wconf 88' lang='lat' dir='ltr'><strong>consentiunt</strong></span> <span class='ocrx_word' id='word_1_228' title='bbox 1342 2701 1346 2710; x_wconf 77' lang='grc'><strong>,</strong></span> 
     </span>
    </p>
   </div>
   <div class='ocr_carea' id='block_1_4' title="bbox 247 2741 1264 3174">
    <p class='ocr_par' dir='ltr' id='par_1_6' title="bbox 247 2741 1264 3087">
     <span class='ocr_line' id='line_1_28' title="bbox 250 2741 1263 2819; baseline -0.003 -17"><span class='ocrx_word' id='word_1_229' title='bbox 250 2761 317 2802; x_wconf 90' lang='lat' dir='ltr'><strong>cum</strong></span> <span class='ocrx_word' id='word_1_230' title='bbox 340 2742 439 2803; x_wconf 88' lang='lat' dir='ltr'><strong>codice</strong></span> <span class='ocrx_word' id='word_1_231' title='bbox 462 2743 489 2801; x_wconf 85' lang='lat' dir='ltr'><strong>R</strong></span> <span class='ocrx_word' id='word_1_232' title='bbox 511 2763 541 2819; x_wconf 93' lang='lat' dir='ltr'>p.</span> <span class='ocrx_word' id='word_1_233' title='bbox 560 2745 664 2817; x_wconf 66' lang='lat'>4417</span> <span class='ocrx_word' id='word_1_234' title='bbox 689 2742 780 2818; x_wconf 79' lang='lat' dir='ltr'><strong>Trou,</strong></span> <span class='ocrx_word' id='word_1_235' title='bbox 807 2761 883 2819; x_wconf 84' lang='lat' dir='ltr'><strong>quae</strong></span> <span class='ocrx_word' id='word_1_236' title='bbox 911 2742 1036 2802; x_wconf 72' lang='lat' dir='ltr'><strong>fortasse</strong></span> <span class='ocrx_word' id='word_1_237' title='bbox 1060 2775 1102 2784; x_wconf 92' lang='lat'><em>-</em></span> <span class='ocrx_word' id='word_1_238' title='bbox 1125 2741 1263 2802; x_wconf 89' lang='lat' dir='ltr'><strong>sednon</strong></span> 
     </span>
     <span class='ocr_line' id='line_1_29' title="bbox 247 2821 1258 2912; baseline -0.002 -20"><span class='ocrx_word' id='word_1_239' title='bbox 247 2832 325 2892; x_wconf 85' lang='lat' dir='ltr'><strong>certe</strong></span> <span class='ocrx_word' id='word_1_240' title='bbox 354 2861 396 2874; x_wconf 86' lang='lat'><em>-</em></span> <span class='ocrx_word' id='word_1_241' title='bbox 424 2850 441 2892; x_wconf 97' lang='grc'><strong>0</strong></span> <span class='ocrx_word' id='word_1_242' title='bbox 467 2829 628 2894; x_wconf 78' lang='lat' dir='ltr'><strong>Laurentio</strong></span> <span class='ocrx_word' id='word_1_243' title='bbox 663 2832 838 2908; x_wconf 76' lang='lat' dir='ltr'><strong>deprompta</strong></span> <span class='ocrx_word' id='word_1_244' title='bbox 877 2849 939 2891; x_wconf 89' lang='lat' dir='ltr'><strong>esse</strong></span> <span class='ocrx_word' id='word_1_245' title='bbox 971 2849 1061 2908; x_wconf 81' lang='lat' dir='ltr'><strong>supra</strong></span> <span class='ocrx_word' id='word_1_246' title='bbox 1093 2821 1136 2912; x_wconf 93' lang='lat' dir='ltr'><strong>(p.</strong></span> <span class='ocrx_word' id='word_1_247' title='bbox 1153 2822 1258 2912; x_wconf 63' lang='grc' dir='ltr'><strong>ΧΨ)</strong></span> 
     </span>
     <span class='ocr_line' id='line_1_30' title="bbox 248 2917 1264 2998; baseline -0.001 -18"><span class='ocrx_word' id='word_1_248' title='bbox 248 2918 384 2980; x_wconf 85' lang='lat' dir='ltr'><strong>diximus.</strong></span> <span class='ocrx_word' id='word_1_249' title='bbox 426 2920 526 2980; x_wconf 83' lang='lat' dir='ltr'><strong>omnia</strong></span> <span class='ocrx_word' id='word_1_250' title='bbox 549 2921 649 2980; x_wconf 82' lang='lat' dir='ltr'><strong>entem</strong></span> <span class='ocrx_word' id='word_1_251' title='bbox 671 2920 744 2980; x_wconf 79' lang='lat' dir='ltr'><strong>haec</strong></span> <span class='ocrx_word' id='word_1_252' title='bbox 766 2920 936 2998; x_wconf 77' lang='lat' dir='ltr'><strong>fingmento</strong></span> <span class='ocrx_word' id='word_1_253' title='bbox 957 2919 1018 2979; x_wconf 87' lang='lat' dir='ltr'><strong>iem</strong></span> <span class='ocrx_word' id='word_1_254' title='bbox 1041 2917 1156 2995; x_wconf 86' lang='lat' dir='ltr'><strong>pridem</strong></span> <span class='ocrx_word' id='word_1_255' title='bbox 1178 2919 1264 2996; x_wconf 81' lang='lat' dir='ltr'><strong>typis</strong></span> 
     </span>
     <span class='ocr_line' id='line_1_31' title="bbox 248 3007 1259 3087; baseline 0.001 -19"><span class='ocrx_word' id='word_1_256' title='bbox 248 3027 354 3068; x_wconf 83' lang='lat' dir='ltr'><strong>excusa</strong></span> <span class='ocrx_word' id='word_1_257' title='bbox 376 3008 508 3071; x_wconf 87' lang='lat' dir='ltr'><strong>invenies</strong></span> <span class='ocrx_word' id='word_1_258' title='bbox 537 3009 616 3087; x_wconf 84' lang='lat' dir='ltr'><strong>epud</strong></span> <span class='ocrx_word' id='word_1_259' title='bbox 644 3009 770 3068; x_wconf 90' lang='lat' dir='ltr'><strong>eundem</strong></span> <span class='ocrx_word' id='word_1_260' title='bbox 791 3007 1020 3069; x_wconf 83' lang='lat' dir='ltr'><strong>Boissonedium</strong></span> <span class='ocrx_word' id='word_1_261' title='bbox 1041 3009 1062 3067; x_wconf 93' lang='lat' dir='ltr'><strong>l.</strong></span> <span class='ocrx_word' id='word_1_262' title='bbox 1085 3027 1107 3067; x_wconf 92' lang='lat' dir='ltr'><strong>s.</strong></span> <span class='ocrx_word' id='word_1_263' title='bbox 1131 3029 1160 3086; x_wconf 94' lang='lat' dir='ltr'>p.</span> <span class='ocrx_word' id='word_1_264' title='bbox 1183 3011 1259 3069; x_wconf 87' lang='grc'>424.</span> 
     </span>
    </p>

    <p class='ocr_par' dir='ltr' id='par_1_7' title="bbox 314 3096 1263 3174">
     <span class='ocr_line' id='line_1_32' title="bbox 314 3096 1263 3174; baseline 0.002 -17"><span class='ocrx_word' id='word_1_265' title='bbox 314 3097 461 3158; x_wconf 90' lang='lat' dir='ltr'><strong>Ultimum</strong></span> <span class='ocrx_word' id='word_1_266' title='bbox 484 3098 564 3174; x_wconf 89' lang='lat' dir='ltr'><strong>quod</strong></span> <span class='ocrx_word' id='word_1_267' title='bbox 594 3097 716 3158; x_wconf 81' lang='lat' dir='ltr'><strong>efferam</strong></span> <span class='ocrx_word' id='word_1_268' title='bbox 744 3098 839 3158; x_wconf 77' lang='lat' dir='ltr'><strong>habeo</strong></span> <span class='ocrx_word' id='word_1_269' title='bbox 862 3096 971 3158; x_wconf 88' lang='lat' dir='ltr'><strong>codicis</strong></span> <span class='ocrx_word' id='word_1_270' title='bbox 992 3098 1017 3156; x_wconf 94' lang='lat' dir='ltr'>P</span> <span class='ocrx_word' id='word_1_271' title='bbox 1040 3097 1146 3158; x_wconf 86' lang='lat' dir='ltr'><strong>folium</strong></span> <span class='ocrx_word' id='word_1_272' title='bbox 1171 3099 1263 3174; x_wconf 68' lang='lat'>100&#39;,</span> 
     </span>
    </p>
   </div>
   <div class='ocr_carea' id='block_1_5' title="bbox 247 3179 1265 3532">
    <p class='ocr_par' dir='ltr' id='par_1_8' title="bbox 247 3179 1265 3532">
     <span class='ocr_line' id='line_1_33' title="bbox 247 3179 1260 3267; baseline -0.004 -17"><span class='ocrx_word' id='word_1_273' title='bbox 247 3187 303 3251; x_wconf 73' lang='lat' dir='ltr'><strong>ubi.</strong></span> <span class='ocrx_word' id='word_1_274' title='bbox 322 3186 484 3246; x_wconf 74' lang='lat' dir='ltr'><strong>laudentur</strong></span> <span class='ocrx_word' id='word_1_275' title='bbox 511 3182 544 3246; x_wconf 75' lang='grc' dir='ltr'><strong>ἒιι</strong></span> <span class='ocrx_word' id='word_1_276' title='bbox 569 3194 629 3247; x_wconf 83' lang='grc' dir='ltr'><strong>τῶν</strong></span> <span class='ocrx_word' id='word_1_277' title='bbox 651 3186 787 3267; x_wconf 78' lang='grc' dir='ltr'><em>ἱστοριῶν</em></span> <span class='ocrx_word' id='word_1_278' title='bbox 810 3179 953 3247; x_wconf 82' lang='grc' dir='ltr'><em>Ἰωάννου</em></span> <span class='ocrx_word' id='word_1_279' title='bbox 976 3195 1027 3246; x_wconf 83' lang='grc' dir='ltr'><strong>τοῦ</strong></span> <span class='ocrx_word' id='word_1_280' title='bbox 1053 3183 1260 3265; x_wconf 78' lang='grc' dir='ltr'><em>Φιλαδελφέως</em></span> 
     </span>
     <span class='ocr_line' id='line_1_34' title="bbox 248 3274 1264 3354; baseline -0.002 -19"><span class='ocrx_word' id='word_1_281' title='bbox 248 3276 442 3352; x_wconf 76' lang='lat' dir='ltr'><strong>depromptae</strong></span> <span class='ocrx_word' id='word_1_282' title='bbox 469 3278 606 3335; x_wconf 82' lang='lat' dir='ltr'><strong>veterum</strong></span> <span class='ocrx_word' id='word_1_283' title='bbox 628 3274 664 3335; x_wconf 93' lang='lat' dir='ltr'><strong>de</strong></span> <span class='ocrx_word' id='word_1_284' title='bbox 689 3275 809 3336; x_wconf 88' lang='lat' dir='ltr'><strong>Nemesi</strong></span> <span class='ocrx_word' id='word_1_285' title='bbox 836 3275 1013 3354; x_wconf 87' lang='grc'><strong>0001001100,</strong></span> <span class='ocrx_word' id='word_1_286' title='bbox 1043 3295 1116 3352; x_wconf 87' lang='grc'><strong>0000</strong></span> <span class='ocrx_word' id='word_1_287' title='bbox 1146 3278 1264 3354; x_wconf 73' lang='grc'><strong>00001-</strong></span> 
     </span>
     <span class='ocr_line' id='line_1_35' title="bbox 247 3363 1265 3441; baseline 0.001 -20"><span class='ocrx_word' id='word_1_288' title='bbox 247 3363 324 3424; x_wconf 85' lang='lat' dir='ltr'><strong>libro</strong></span> <span class='ocrx_word' id='word_1_289' title='bbox 349 3365 384 3424; x_wconf 95' lang='lat' dir='ltr'><strong>de</strong></span> <span class='ocrx_word' id='word_1_290' title='bbox 406 3363 557 3424; x_wconf 90' lang='lat' dir='ltr'><strong>mensibus</strong></span> <span class='ocrx_word' id='word_1_291' title='bbox 580 3364 657 3425; x_wconf 82' lang='lat' dir='ltr'><strong>felso</strong></span> <span class='ocrx_word' id='word_1_292' title='bbox 681 3365 830 3441; x_wconf 78' lang='lat' dir='ltr'><strong>quondam</strong></span> <span class='ocrx_word' id='word_1_293' title='bbox 856 3363 984 3424; x_wconf 81' lang='lat' dir='ltr'><strong>tributos</strong></span> <span class='ocrx_word' id='word_1_294' title='bbox 1008 3364 1135 3424; x_wconf 81' lang='lat' dir='ltr'><strong>edendos</strong></span> <span class='ocrx_word' id='word_1_295' title='bbox 1158 3363 1265 3424; x_wconf 77' lang='lat' dir='ltr'><strong>cmnvi</strong></span> 
     </span>
     <span class='ocr_line' id='line_1_36' title="bbox 247 3452 1263 3532; baseline 0 -22"><span class='ocrx_word' id='word_1_296' title='bbox 247 3471 275 3528; x_wconf 93' lang='lat' dir='ltr'>p.</span> <span class='ocrx_word' id='word_1_297' title='bbox 297 3454 534 3526; x_wconf 84' lang='lat'>184,10-16:</span> <span class='ocrx_word' id='word_1_298' title='bbox 571 3461 631 3530; x_wconf 86' lang='grc'><strong>000</strong></span> <span class='ocrx_word' id='word_1_299' title='bbox 660 3453 696 3513; x_wconf 92' lang='lat' dir='ltr'><strong>de</strong></span> <span class='ocrx_word' id='word_1_300' title='bbox 725 3474 757 3514; x_wconf 88' lang='lat' dir='ltr'><strong>re</strong></span> <span class='ocrx_word' id='word_1_301' title='bbox 786 3453 865 3514; x_wconf 78' lang='lat' dir='ltr'><strong>infre</strong></span> <span class='ocrx_word' id='word_1_302' title='bbox 893 3454 981 3532; x_wconf 81' lang='lat' dir='ltr'><strong>plura</strong></span> <span class='ocrx_word' id='word_1_303' title='bbox 1010 3456 1097 3514; x_wconf 76' lang='lat' dir='ltr'><strong>erunt</strong></span> <span class='ocrx_word' id='word_1_304' title='bbox 1126 3452 1263 3513; x_wconf 78' lang='lat' dir='ltr'><strong>dicende.</strong></span> 
     </span>
    </p>
   </div>
   <div class='ocr_carea' id='block_1_6' title="bbox 263 3637 1004 3712">
    <p class='ocr_par' dir='ltr' id='par_1_9' title="bbox 263 3637 1004 3712">
     <span class='ocr_line' id='line_1_37' title="bbox 263 3637 1004 3712; baseline 0 -17"><span class='ocrx_word' id='word_1_305' title='bbox 263 3689 266 3695; x_wconf 90' lang='lat'>.</span> <span class='ocrx_word' id='word_1_306' title='bbox 321 3637 655 3696; x_wconf 69' lang='grc' dir='ltr'><strong>ι1101011001000(ιί00010.</strong></span> <span class='ocrx_word' id='word_1_307' title='bbox 674 3640 701 3695; x_wconf 92' lang='lat' dir='ltr'><strong>d.</strong></span> <span class='ocrx_word' id='word_1_308' title='bbox 719 3641 781 3710; x_wconf 80' lang='lat' dir='ltr'>byn.</span> <span class='ocrx_word' id='word_1_309' title='bbox 799 3640 882 3698; x_wconf 81' lang='lat' dir='ltr'><strong>Litt²</strong></span> <span class='ocrx_word' id='word_1_310' title='bbox 898 3660 925 3712; x_wconf 92' lang='lat' dir='ltr'>p.</span> <span class='ocrx_word' id='word_1_311' title='bbox 945 3647 1004 3697; x_wconf 84' lang='grc'>262.</span> 
     </span>
    </p>
   </div>
   <div class='ocr_carea' id='block_1_7' title="bbox 0 0 1398 4222">
    <p class='ocr_par' dir='ltr' id='par_1_10' title="bbox 0 0 1398 4222">
     <span class='ocr_line' id='line_1_38' title="bbox 0 0 1398 4222; baseline 0 0"><span class='ocrx_word' id='word_1_312' title='bbox 0 0 1398 4222; x_wconf 95' lang='lat' dir='ltr'><strong> </strong></span> 
     </span>
    </p>
   </div>
  </div>
 </body>
</html>
