2788 4222
536 289 740 345 PRAEFATIO
1058 289 1143 344 LXIX

202 460 281 518 Luce
305 462 405 517 autem
428 458 537 517 clarius
560 459 674 518 fact-um
701 477 763 517 esse
789 476 873 534 sporo
900 458 956 519 hoc
982 459 1144 518 lectionum

135 551 308 624 conspectu,
353 547 525 624 apographa
567 547 768 606 Marinianum
809 550 839 605 et
875 547 1069 625 Bigotianum
1110 567 1145 606 ex

136 657 197 696 uno
220 637 380 712 eodemque
404 634 565 711 exemplari
584 668 625 677 —
645 636 725 711 quod
743 635 851 694 Allatii
868 636 960 696 fuisse
979 636 1087 696 scimus
1102 669 1144 677 -

136 727 263 786 deducta
285 743 360 800 esse,
384 743 476 800 quare
499 724 573 782 mihi
596 743 645 784 eos
669 743 788 800 quoque
806 725 886 785 locos
905 726 1009 784 afferre
1027 743 1144 784 necesse

70 875 72 880 ,
136 834 195 873 non
217 814 348 887 videtur,
378 814 486 889 quibus
509 813 541 872 in
568 811 644 872 libro
673 813 708 872 de
735 813 863 872 fratrum
885 813 1044 874 Arvalium
1071 812 1144 872 actis

136 905 175 962 ad
204 902 281 978 Lydi
310 902 346 961 de
376 902 526 961 mensibus
556 900 666 960 librum
696 905 875 977 provocatur
907 921 925 962 a
951 902 1079 961 Marinio
1107 894 1145 983 (1,

139 991 308 1052 139=ed
331 1011 360 1067 p.
380 992 431 1065 42,
448 995 475 1052 9.
498 990 537 1066 ΙΙ,
560 991 739 1050 366=ed
762 1011 791 1067 p.
812 993 907 1065 6114.
929 990 953 1066 I,
978 993 1019 1050 64
1038 1017 1080 1040 =
1101 992 1144 1049 ed.

136 1101 164 1156 p.
186 1081 311 1154 74,14.
342 1079 387 1153 Π,
411 1079 474 1138 384
494 1104 536 1128 --
556 1079 599 1138 ed.
623 1099 651 1155 p.
673 1081 749 1152 163,
768 1071 816 1161 4),
845 1097 977 1155 quosque
1006 1100 1040 1138 ex
1062 1078 1145 1138 illius

137 1169 308 1247 apographo
332 1168 521 1243 depromptos
545 1187 607 1227 esse
631 1166 762 1226 conicere
785 1186 840 1244 par
863 1171 915 1227 est.
955 1187 1052 1244 neque
1075 1187 1145 1227 vero

137 1278 205 1317 cum
236 1257 395 1336 contendo,
427 1277 442 1315 6
474 1255 574 1315 codiee
606 1256 769 1316 Barberino
801 1256 1007 1334 apographum
1037 1256 1146 1315 Allatii

135 1346 264 1419 fluxisse,
286 1344 435 1403 Allatium
458 1345 561 1403 autem
578 1344 691 1421 Bigotii
712 1344 803 1403 fuisse
822 1346 982 1418 auctorem,
1005 1344 1145 1418 offendor,

138 1436 218 1510 quod
251 1433 400 1509 quondam
431 1432 645 1491 Kalendarinm
678 1432 774 1491 clodii
806 1432 893 1492 Tusci
926 1433 958 1491 in
990 1433 1088 1492 codIce
1120 1432 1145 1491 B

136 1525 224 1600 longe
248 1520 336 1580 aliter
357 1521 502 1580 traditum
525 1539 587 1580 osse
610 1523 700 1596 atque
723 1521 755 1578 in
772 1521 801 1578 A
824 1521 1024 1580 demonstrare
1043 1520 1147 1580 studui

137 1604 223 1692 (Byr.
247 1610 358 1669 Ztsohr.
377 1611 413 1684 V,
433 1602 520 1692 414).
566 1612 602 1668 ut
626 1610 703 1668 enim
725 1609 841 1685 plenior
863 1610 889 1669 Β
913 1612 970 1685 est,
992 1610 1146 1686 plenioris-

139 1718 196 1775 que
223 1699 311 1758 huius
337 1699 514 1758 recensionis
542 1698 641 1774 plures
669 1701 772 1757 extant
799 1697 912 1758 codices
940 1691 1042 1780 (Laur.
1070 1699 1146 1775 plut.

136 1787 274 1862 XXVIII,
298 1788 349 1846 34.
378 1787 445 1846 Par.
469 1807 511 1864 gr.
537 1779 651 1868 1991),
674 1806 760 1846 nemo
783 1788 913 1865 negabit,
940 1788 1071 1847 accidere
1093 1807 1146 1862 po-

137 1877 238 1951 tuisse,
261 1879 295 1935 ut
312 1876 450 1953 Bigotius
473 1876 521 1936 vel
545 1876 598 1951 qui
617 1875 679 1935 eius
698 1880 802 1936 auctor
820 1881 905 1951 esset,
928 1897 995 1936 oum
1014 1878 1052 1936 ad
1070 1876 1148 1952 Lydi

136 1965 247 2024 librum
269 1965 482 2023 Kalendarium
503 1964 581 2023 illud
604 1965 725 2024 adderet
746 1964 928 2041 haberetque
951 1966 983 2024 in
1005 1968 1147 2042 promptu

138 2054 267 2112 codicem
286 2053 416 2129 aliquem
434 2053 617 2129 ampliorem,
635 2053 790 2128 repudiato
804 2053 966 2113 Barben'no
984 2054 1147 2131 pleniorem

136 2142 223 2201 illum
245 2143 409 2218 praeferret
432 2161 521 2218 quem
543 2141 726 2201 exscriberet.

204 2257 249 2330 De
277 2257 395 2333 Iosephi
426 2256 551 2333 denique
582 2257 617 2315 de
646 2257 732 2316 Iuliis
763 2257 934 2334 apographo
963 2256 1045 2316 brevi
1074 2255 1148 2314 mihi

139 2365 201 2404 esse
229 2345 342 2419 licebit3
369 2364 466 2421 pauca
493 2344 572 2404 enim
597 2345 711 2404 tradita
738 2348 809 2404 sunt
835 2345 919 2404 nobis
941 2345 1025 2404 illius
1047 2344 1146 2420 verba,

139 2435 183 2492 ita
205 2437 241 2492 ut
264 2435 299 2492 de
322 2454 399 2492 nexu
427 2435 489 2493 eius
513 2437 543 2493 et
564 2434 748 2509 reliquorum
773 2433 874 2509 stirpis
896 2434 924 2493 X
947 2434 1080 2492 codicum
1102 2433 1147 2492 iu-

139 2523 248 2582 dicium
271 2523 347 2582 ferre
372 2542 566 2598 nequeamus:
594 2523 652 2582 nisi
678 2523 757 2598 quod
781 2522 845 2582 reri
871 2526 915 2581 est
940 2522 1044 2597 simile,
1071 2521 1148 2581 illud

140 2631 271 2688 quoque,
302 2614 337 2670 ut
365 2612 444 2688 quod
470 2613 583 2670 Romae
610 2611 650 2671 sit
673 2614 839 2686 exaratum,
865 2611 961 2670 redire
990 2611 1028 2670 ad
1050 2610 1148 2688 ipsum
1205 2657 1207 2662 .

140 2701 269 2761 codicem
291 2699 495 2760 Barberinum.

206 2805 317 2876 Quibus
336 2808 480 2882 expeditis
498 2810 593 2867 restat
611 2809 647 2866 ut
664 2808 742 2866 inter
760 2825 790 2865 se
810 2809 1016 2883 comparentur
1034 2807 1148 2866 codices

141 2894 199 2953 AB
223 2898 254 2954 61
271 2897 304 2954 Τ.
347 2915 405 2971 qua
427 2896 459 2954 in
482 2916 514 2956 re
532 2896 619 2956 valde
637 2896 797 2954 dolendum
815 2899 868 2970 est,
892 2896 970 2972 quod
988 2914 1063 2953 unus
1082 2898 1148 2953 tan-

140 2987 205 3041 tum
231 2988 261 3042 61
292 2985 317 3043 is
344 2985 533 3044 brevissimus
561 2987 709 3044 tractatus
737 2987 870 3043 serratus
903 2987 948 3044 est
976 3003 993 3042 a
1023 2983 1147 3059 Crypto-

140 3072 310 3148 fcrratensi3
333 3092 498 3149 perpaucae
524 3074 602 3132 enim
620 3077 689 3132 sunt
707 3073 856 3147 lectioneS,
880 3091 955 3149 quae
979 3073 1149 3130 incensum

140 3162 238 3220 vocari
261 3162 384 3238 possint,
408 3181 534 3238 quarum
557 3180 705 3239 apponam
727 3163 793 3221 has:

139 3313 168 3368 p.
185 3295 291 3368 145‚2
314 3291 407 3366 ἄλλος
430 3315 459 3354 τε
482 3291 514 3355 δὲ
537 3294 595 3353 AB
670 3291 763 3365 ἄλλως
787 3289 818 3354 δὲ
842 3295 866 3352 Τ
888 3294 977 3352 lectio
1001 3292 1129 3370 genuina

272 3379 420 3443 8πνένσι
459 3384 503 3458 Α,
549 3381 617 3443 act·
670 3379 798 3442 πνέωσιν
822 3383 846 3440 Τ
868 3381 957 3440 lectio
980 3380 1108 3459 genuina

317 3487 383 3532 οοσι
405 3472 431 3531 Β

250 3563 289 3620 18
313 3556 333 3638 ἢ
357 3559 414 3618 ΑΒ
669 3556 719 3618 καὶ
742 3560 766 3617 Τ
789 3558 878 3617 lectio
902 3559 1030 3636 genuina

162 3650 234 3722 147,
250 3653 288 3706 11
314 3648 416 3709 τοίνυν
430 3648 543 3719 τούτοις
558 3647 616 3706 ΑΒ
670 3646 784 3719 τούτοις
806 3646 908 3705 τοίνυν
930 3648 955 3705 Τ
