2790 4214
250 283 294 348 34
630 284 739 338 LIBER
756 283 877 338 ALTER

185 447 269 513 Χθδ
289 447 434 533 ρἡωρὸ
458 451 673 533 Ταραντῖνος·
692 445 774 532 φησὶ
793 443 830 512 δὲ
848 445 965 523 οὕτως·
989 447 1075 512 (ἔστι
1097 449 1160 532 γάρ
1183 447 1261 531 ἡγε-

249 554 322 639 μὼν
352 552 408 618 καὶ
436 555 547 640 ἀρχων
574 553 730 620 ἁπάντων
758 545 805 630 εἷς
832 551 884 620 ἀεὶ
912 554 960 619 ὢν
989 555 1085 636 θεός,
1118 555 1261 639 μόνιμος

150 669 233 726 XYS
247 659 401 744 ἀκίνητος
437 659 537 737 αὐτὸς
574 657 680 747 ἑαυτῷ
714 658 847 745 ὅμοιος)
902 662 934 725 ολ
966 657 1003 725 δὲ
1032 658 1259 744 μαθηματικοὶ

248 768 333 852 πρὸς
354 767 391 831 τὸ
410 766 642 852 μυθικώτερον
660 764 816 852 ῥέποντες
832 774 880 854 τῷ
893 768 1015 853 Κρόνῳ
1033 767 1095 850 τὴν
1113 764 1262 851 ἑβδόμην

207 883 233 936 Y
247 870 374 958 ἡμέραν
400 881 671 956 προσφωνοῦσιν,
695 869 799 937 οἱονεὶ
821 879 867 959 τῷ
893 870 993 957 πατρὶ
1016 883 1083 938 τῶν
1101 872 1260 959 ἐμφανῶν

222 986 349 1046 ιθεῶν.
388 976 507 1061 ’ἐπειδὴ
532 980 595 1064 γάρ
625 989 693 1043 τῶν
721 977 946 1063 πλανωμένων
972 979 1107 1044 πάντων
1133 980 1260 1064 ὑψηλό-

248 1110 343 1172 τερος
365 1085 383 1150 δ
404 1093 464 1150 τοῦ
487 1083 563 1170 παρ’
591 1083 704 1161 αάτολς
721 1086 858 1170 Κρόνου
881 1084 1010 1167 λέγεται
1032 1085 1146 1172 ἀστήρ,
1169 1085 1259 1174 αὐτῷ

248 1194 355 1278 δῆθεν
395 1191 456 1275 τὴν
493 1189 638 1275 ἑβδόμην
673 1189 800 1277 ἡμέραν
833 1189 994 1258 ἀνέθεντο
1026 1192 1070 1270 ὡς
1101 1191 1259 1280 ἀνωτάτω

139 1312 142 1320 ’
178 1309 235 1364 ΧΥ
248 1300 391 1364 πάντων.
446 1297 466 1381 ἡ
494 1301 612 1364 τοίνυν
639 1295 780 1383 ἑβδομὰς
814 1296 1013 1382 συνέστηκεν
1040 1297 1073 1376 ἐξ
1101 1296 1175 1376 ένὸς
1202 1296 1259 1363 καί

209 1407 347 1472 ιοδυολν
369 1402 424 1469 καὶ
447 1404 626 1490 τεττάρων,
654 1406 775 1489 ἔχουσα
801 1405 864 1470 δύο
891 1407 1012 1488 λόγους
1035 1404 1259 1490 ἀρμουικωτά-

207 1523 233 1576 X
247 1535 339 1596 τους,
366 1514 427 1576 τόν
453 1534 489 1576 τε
515 1512 712 1597 τριπλάσιον
738 1509 793 1576 καὶ
815 1512 875 1576 τδν
897 1512 1145 1597 τετραπλάσιον.
1191 1513 1259 1595 ἔχει

248 1614 285 1684 δέ
311 1617 367 1682 καὶ
394 1615 571 1702 διαιρέσεις
600 1619 745 1702 ζυγάδην
776 1619 902 1703 τρόπον
932 1619 1008 1682 τινά
1036 1617 1258 1693 συνεστώσας·

248 1726 425 1811 διαιρεῖται
447 1725 511 1809 γάρ
538 1735 671 1810 πρῶτον
699 1726 746 1801 είς
772 1725 901 1809 μονάδα
927 1722 983 1789 καὶ
1007 1722 1120 1808 ἑξάδα,
1148 1727 1260 1789 ἔπειτα

249 1832 295 1908 είς
317 1830 463 1895 πεντάδα
485 1828 541 1894 καὶ
563 1831 682 1914 δυάδα,
705 1828 760 1896 καὶ
782 1837 972 1896 τελευταῖον
995 1832 1042 1907 είς
1064 1831 1184 1916 τριάδα
1203 1827 1259 1894 καὶ

208 1961 234 2002 ιο
248 1937 402 2022 τετράδα·
424 1938 652 2021 μουσικωτάτη
672 1933 709 2002 δέ
727 1936 747 2024 ἡ
766 1937 895 2002 τούτων
912 1948 979 2003 τῶν
1002 1937 1157 2022 ἀριθμῶν
1180 1936 1258 2002 ἀνα-

249 2045 353 2125 λογία.
391 2043 548 2108 διατείνει
570 2040 608 2109 δέ
630 2043 731 2128 αὐτῆς
753 2044 773 2128 ἡ
792 2045 894 2129 φύσις
912 2042 967 2109 καὶ
985 2041 1038 2109 ἐπὶ
1056 2043 1118 2127 τὴν
1136 2043 1262 2129 δρατὴν

248 2151 379 2215 ἅπασαν
401 2149 530 2234 οὐσίαν,
556 2149 702 2237 οὐρανὸν
723 2149 779 2216 καὶ
801 2161 878 2236 γῆν·
905 2151 1022 2216 αὐτίκα
1049 2159 1133 2232 γοῦν
1160 2150 1259 2235 οὐρα-

247 2259 310 2323 νόν
327 2273 432 2340 φασιν
450 2254 530 2322 έπτδι
553 2258 730 2336 διεζῶσθαι
757 2258 907 2342 κύκλοις,
935 2252 983 2323 ὧν
1005 2257 1150 2342 ὀνόματα
1168 2255 1260 2320 τάδε·

184 2415 186 2422 .
248 2362 401 2448 ἀρκτικὸς
414 2363 628 2449 ἀνταρκτικὸς
641 2365 777 2451 θερινὸς
793 2365 978 2451 χειμερινὸς
992 2362 1181 2448 ἰσημερινός
1202 2365 1218 2441 ζ
1244 2401 1259 2410 -

209 2495 234 2534 ω
249 2469 361 2547 διακὸς
382 2467 439 2534 καὶ
460 2468 596 2556 προσέτι
623 2469 791 2553 γαλαξίας·
815 2469 833 2536 δ
856 2471 920 2554 γάρ
943 2478 1093 2546 τοιοῦτος
1116 2468 1260 2554 ἀριθμὸς

247 2579 341 2652 θεῖός
364 2575 463 2641 ἐστιν.
507 2576 591 2642 ὅθεν
616 2579 657 2642 τά
684 2578 766 2641 κατά
793 2577 854 2659 τὴυ
881 2573 1042 2660 ἡμετέραν
1068 2576 1179 2659 ψυχὴν
1202 2575 1258 2638 διά

247 2689 308 2746 τοῦ
330 2680 529 2765 ἡγεμονικοῦ
552 2686 655 2766 λόγου
679 2680 800 2765 έπταχὴ
824 2683 978 2765 σχίζεται,
1001 2683 1084 2767 πρός
1105 2704 1141 2746 τε
1162 2678 1260 2745 πέντε

318 2873 342 2909 v.
360 2860 373 2908 1
394 2853 538 2909 Philolaus
558 2855 633 2926 apud
650 2854 799 2909 Philonem
817 2855 852 2908 de
871 2853 937 2924 opif.
956 2854 1055 2909 mundi
1073 2873 1101 2924 p.
1116 2860 1150 2910 34
1170 2853 1260 2910 Oohn-

247 2925 417 2995 Wendland‚
435 2925 549 2979 Boeckh
567 2925 710 2980 Philolaos
729 2945 756 2998 p.
772 2932 822 2980 151

318 3090 372 3140 v.1
393 3084 408 3144 δ
427 3084 597 3155 ρήτωρδΒ,
616 3085 647 3140 in
662 3102 729 3140 corr.
744 3086 780 3154 A,
800 3084 906 3154 όνήτωρ
926 3085 996 3156 &Sl
1012 3084 1127 3155 φησὶδὲ
1146 3084 1262 3140 omis.S

249 3163 264 3211 λ
284 3156 299 3212 δ
317 3156 431 3212 πάντων
446 3157 508 3225 Rs,
527 3156 659 3212 ἀπάντων
676 3157 704 3211 Α
776 3162 792 3210 3
812 3157 839 3212 οἱ
858 3155 889 3211 δέ
907 3158 1025 3226 μυθικολ
1042 3167 1080 3212 τῶ
1099 3156 1189 3225 κρόνω
1208 3156 1260 3225 τὴν

249 3226 371 3300 ἑβδόμην
393 3225 499 3297 ἡμέραν
522 3226 638 3298 (ἡμέραν
662 3227 739 3284 omia.
759 3229 797 3298 Β)
820 3226 957 3285 ἀνέθεντο
976 3229 1013 3290 ὡς
1035 3227 1167 3283 ἀνωτάτω
1186 3225 1259 3282 πάν-

247 3319 311 3354 των.
339 3297 496 3424 ἡὲβδομάς
514 3297 679 3369 συνέστηκεν
697 3301 729 3354 Χ
748 3301 751 3369 Ι
772 3299 800 3353 οἱ
823 3298 854 3354 δὲ
877 3300 1069 3369 μαθηματικοὶ
1090 3302 1193 3369 μᾶλλον
1212 3297 1259 3352 ἐπὶ

246 3370 279 3424 τό
297 3374 386 3440 μυθικ
404 3391 420 3427 ν
441 3367 612 3441 βέποντεςβ
680 3375 753 3442 λεῷ
776 3369 897 3425 omis.S
967 3367 1098 3441 ὀπατρί]
1121 3369 1262 3439 πράτωΒ

249 3446 282 3494 10
301 3443 394 3513 δυοῖν]
409 3442 461 3496 δόο
476 3442 508 3496 Χ
525 3443 531 3520 l
550 3440 663 3512 ἔχουσα]
682 3440 803 3530 έηόντων
822 3442 850 3495 Υ
867 3443 871 3512 1
892 3439 1178 3510 ἀρμονικωτάτουςέ,
1198 3459 1259 3494 -κο-

246 3509 347 3573 τάτους
356 3515 381 3566 Α
410 3529 498 3583 marg.
561 3519 593 3567 11
607 3513 781 3585 τριπλάσιον]
797 3511 944 3568 διπλάσιον
958 3513 1004 3602 Υ]
1019 3511 1074 3582 ἔχει
1084 3545 1118 3552 -
1127 3531 1154 3581 p.
1171 3517 1213 3580 35,
1225 3516 1256 3564 11

247 3584 364 3671 βραηεῑα
383 3551 485 3638 ἀθευυδ
507 3585 536 3638 Y
617 3589 649 3638 12
670 3582 804 3653 διαίρεσις
822 3585 851 3638 Β
937 3589 969 3639 17
989 3583 1123 3639 ἀπάντων
1140 3582 1258 3636 incorr.

246 3654 283 3724 A,
303 3669 416 3709 απασαν
434 3655 462 3707 Β
534 3661 567 3709 19
585 3655 702 3724 θερινὸς
719 3655 798 3712 omis.
817 3656 846 3709 Β
