2790 4214
238 261 282 330 64
479 264 588 319 LIBER
608 263 785 329 QUARTUS.
813 264 1013 319 IANUARIUS

198 434 391 510 Χλονοῦσι,
431 437 496 492 νῦν
532 423 593 512 μέν
629 432 718 504 κλεῖς
754 437 793 513 τῇ
831 425 923 514 δεξιᾷ
955 426 1100 514 φέροντα
1133 427 1248 494 ὡσανεὶ

238 537 380 618 θυρεόν,
407 544 472 599 νῦν
498 531 534 599 δὲ
557 543 596 620 τη
624 530 686 619 μὲν
709 533 801 620 δεξιᾷ
822 538 1014 620 τριακοσίας
1036 545 1075 621 τη
1099 531 1136 600 δὲ
1160 533 1249 621 ἑτέρη

239 639 395 725 ἑξήκοντα
423 639 521 706 πέντε
551 642 686 724 ψήφους
716 640 929 726 άριθμοῦντα
959 643 1069 728 ὥσπερ
1099 643 1158 706 τὸν
1189 640 1249 705 ένι-

239 751 352 813 αυτόν.
393 749 494 812 ἔνθεν
530 745 585 812 καὶ
622 748 854 833 τετράμορφον
890 747 954 812 ἀπὸ
986 760 1054 813 τῶν
1085 748 1250 832 τεσσάρων

211 866 384 940 ιτροκῶν·
411 852 467 918 καὶ
489 864 643 920 τοιοῦτον
666 853 769 918 αὐτοῦ
793 855 923 937 ἄγαλμα
946 853 984 918 ἐν
1006 861 1052 941 τῷ
1075 856 1169 940 (μόρῳ
1192 849 1249 917 τοῦ

238 964 355 1047 Νερβῶ
387 962 435 1024 ἔτι
467 959 522 1025 καὶ
554 970 618 1025 νῦν
650 959 778 1043 λέγεται
816 959 1032 1044 σεσωσμένον.
1087 962 1250 1042 Λογγῖνος

239 1063 277 1132 δέ
308 1067 500 1151 Αλῶνάριον
536 1067 639 1131 αὐτὸν
671 1064 869 1152 ἑρμηνεῦσαι
902 1068 1045 1150 βιάζεται
1082 1062 1160 1129 ὡσεὶ
1192 1073 1249 1129 τοῦ

240 1173 360 1249 αἰῶνος
395 1171 533 1258 πατέρα,
569 1169 589 1255 ἢ
628 1172 678 1237 ὅτι
715 1176 793 1239 ένον
824 1174 883 1239 τὸν
916 1172 1069 1237 ἐνιαυτὸν
1095 1169 1250 1254 Ἕλληνες

240 1274 345 1363 εἷπον,
368 1280 412 1355 ῶς
434 1282 646 1363 Καλλίμαχος
670 1278 706 1344 έν
728 1280 847 1368 πρώτῳ
870 1281 998 1345 αἰτιῶν·

201 1409 227 1448 10
364 1387 541 1471 τετράενον
564 1372 727 1470 Δαμάσου
749 1388 853 1452 παῖδα
880 1386 1128 1471 Τελεστορίδην,

240 1492 260 1576 ἢ
285 1491 349 1558 άπὸ
378 1502 435 1576 της
463 1499 514 1569 λας
544 1490 619 1557 άντὶ
646 1501 707 1556 τοῦ
735 1501 792 1576 τῆς
820 1502 896 1577 μιῶς
922 1493 1005 1557 κατδι
1032 1493 1110 1568 τοὺς
1134 1496 1250 1556 Πυθα-

241 1602 402 1682 γορείους.
447 1599 530 1664 ὅθεν
559 1598 779 1675 ὁΜεσσαλῶς
806 1609 927 1665 τοῦτον
955 1594 1040 1664 εἶναι
1067 1599 1127 1663 τὸν
1149 1599 1251 1662 αἰῶνα

179 1716 228 1770 XS
243 1709 380 1788 νομιζει·
408 1703 463 1769 καὶ
491 1706 553 1790 γάρ
583 1701 636 1768 έπὶ
663 1713 721 1787 τῆς
748 1703 896 1789 πέμπτης
923 1715 983 1771 τοῦ
1011 1705 1114 1789 μηνὸς
1132 1705 1251 1769 τούτου

241 1809 360 1896 ἑορτὴν
382 1813 513 1887 Αλῶνος
536 1808 710 1875 ἐπετέλουν
733 1811 766 1875 ολ
788 1811 899 1875 πάλαι.

201 1929 227 1982 Χ
307 1917 336 1981 2.
360 1919 570 1982 Λυοκαίδεκα
592 1918 771 2003 πρυτάνεις
793 1917 876 2003 πρὸς
896 1926 957 1982 τοῦ
974 1921 1095 2002 Νουμᾶ
1109 1919 1188 1994 τοὺς
1202 1928 1306 1983 ΒεΝε

202 2049 228 2088 rc
241 2021 466 2107 καλουμένους
511 2026 659 2099 Σαλίους
700 2023 883 2109 ὁρισθῆναί
921 2040 1024 2108 φασιν
1064 2023 1255 2108 ὑμνοῦντας

241 2131 301 2195 τὸν
323 2127 432 2194 Ἰανὸν
464 2131 545 2194 κατά
582 2129 642 2195 τὸν
669 2141 736 2195 τῶν
760 2128 929 2195 Ἰταλικῶν
956 2141 1071 2214 μηνῶν
1098 2130 1255 2217 άρνῶμόν.

242 2237 260 2303 ὁ
293 2233 330 2302 δὲ
362 2237 505 2323 Βάρρων
537 2235 574 2301 ἐν
609 2246 648 2323 τη
684 2237 1018 2322 τεσσαρεσκαιδεκάτῃ
1051 2248 1118 2301 τῶν
1150 2241 1257 2302 θείων

157 2445 165 2456 ,
312 2429 337 2465 v.
357 2415 373 2464 9
393 2410 581 2466 Callimachus
604 2410 685 2480 frgm.
706 2416 759 2464 13Β
782 2409 934 2464 Schneider
1024 2417 1057 2464 12
1076 2411 1199 2466 Messala
1219 2411 1255 2465 cf.

242 2481 365 2537 Macrcb.
384 2482 405 2550 I,
421 2488 445 2551 9,
461 2489 495 2536 14
577 2487 610 2536 15
629 2481 718 2536 Varro
738 2484 795 2536 ant.
816 2480 870 2535 div.
889 2480 907 2536 1.
922 2481 988 2535 XVI
1006 2481 1039 2537 fr.
1054 2487 1072 2535 4
1090 2483 1166 2552 apud
1184 2483 1258 2536 Mer-

243 2552 349 2607 kclium
369 2552 448 2607 Ovid.
467 2554 543 2607 Fast.
562 2572 589 2624 p.
605 2552 712 2607 CCXXI

314 2730 339 2766 v.
360 2718 373 2765 1
399 2715 459 2766 κλεῖ
474 2712 502 2765 Α
527 2715 623 2767 κλεῖδα
647 2711 813 2766 Lambecius
912 2719 929 2766 4
952 2709 1146 2781 τετράμορφον
1170 2712 1260 2767 αὐτὸν

244 2783 300 2837 ἀπὸ
320 2783 348 2836 Β
425 2788 569 2837 δτοιοῦτο
588 2783 756 2838 Lambccius
786 2785 789 2854 l
822 2782 945 2837 ‘Plinius
968 2783 1030 2837 Iani
1053 2783 1164 2853 signum
1183 2783 1260 2836 eius-

244 2853 321 2908 modi
339 2853 369 2906 in
383 2852 443 2908 foro
457 2853 579 2908 Nervae'
591 2856 619 2909 B
633 2853 662 2908 in
677 2871 765 2925 marg.
828 2861 843 2909 6
859 2854 940 2917 άλλος
949 2856 988 2922 X,
1006 2860 1142 2925 Λογγῖνος
1152 2872 1214 2907 sum
1235 2854 1263 2907 si

245 2943 260 2980 c
275 2925 335 2980 cod.
350 2925 412 2979 Par.
427 2925 517 2994 suppl.
532 2944 573 2996 gr.
588 2926 671 2980 607A
685 2925 806 2996 ffflOEl:
828 2927 867 2980 Τὸ
882 2925 992 2996 άηαλμα
1005 2934 1055 2980 τοῦ
1063 2873 1263 2994 Ἰαννουαρέου

245 2997 383 3065 ἱστοροῦσι
410 2996 603 3066 τετράμορφον
628 2996 677 3051 διὰ
702 2996 753 3060 τδις
774 2995 908 3066 τέσσαρας
931 2995 1047 3065 τροπάς·
1074 2997 1151 3050 άλλοι
1174 2995 1263 3051 πλάτ-

244 3086 340 3124 τουσιν
365 3067 452 3122 αὐτὸν
475 3068 505 3124 ἐν
523 3077 556 3140 τῇ
575 3070 654 3142 δεξιᾷ
673 3070 744 3139 χειρὶ
762 3070 858 3124 κλεῖδα
877 3066 1030 3139 κατέχοντα
1047 3069 1084 3131 ὡς
1102 3068 1192 3139 ἀρχὴν
1210 3077 1264 3123 τοῦ

245 3139 349 3212 χρόνον
367 3140 416 3195 καὶ
430 3139 540 3204 άνοιξιν
557 3148 607 3195 τοῦ
616 3139 752 3211 ῥένιαυτοῶ
766 3142 814 3194 καλ
828 3144 963 3208 θυραῖον·
984 3139 1071 3208 έτεροι
1088 3138 1119 3194 δὲ
1133 3148 1166 3212 τῇ
1181 3140 1265 3212 δεξιᾷ

244 3209 406 3281 τριακοσίας
423 3219 456 3280 τῇ
476 3209 507 3264 δὲ
522 3211 653 3284 ἀριστερᾷ
673 3209 808 3278 ἑξήκοντα
825 3209 908 3266 πέντε
927 3211 1065 3283 (ψήφους
1084 3211 1147 3266 add.
1165 3211 1266 3284 Treu>

245 3282 407 3354 κατέχοντα,
426 3281 516 3350 ὥσπερ
534 3282 584 3336 τὸν
603 3280 740 3337 ἐνιαυτόν.
774 3280 844 3337 ὅθεν
863 3283 910 3336 καὶ
925 3282 940 3336 δ
954 3288 1092 3354 Λογγῖνος
1105 3281 1268 3352 Αλωνάριον

246 3355 333 3410 αὐτὸν
352 3354 517 3424 ἑρμηνεῦσαι
536 3353 660 3424 βιάζεται
675 3354 776 3408 ὡσανεὶ
790 3354 892 3414 αἰῶνος
905 3351 1019 3421 πατέρα.
1094 3360 1109 3408 'l
1124 3355 1269 3426 βούλεται,

247 3441 383 3493 suprascr.
403 3423 527 3497 βιάζεται
540 3425 569 3478 Α
641 3430 657 3478 8
677 3424 760 3480 έννον
777 3427 805 3478 ct
825 3430 858 3478 10
875 3422 1041 3492 τετραέυνου
1057 3426 1095 3491 Χ,
1113 3424 1268 3493 τετράενον

247 3494 366 3565 Bentley
439 3501 470 3550 11
490 3494 727 3567 πυθαγορέουςΑ
800 3501 834 3548 13
853 3495 973 3565 μινὸςΑ
1042 3503 1075 3550 13
1095 3493 1137 3549 ὅτι
1154 3496 1200 3550 ἐπὶ
1215 3505 1271 3565 τῆς

247 3563 372 3636 πέμπτης
389 3575 438 3621 τοῦ
458 3565 642 3635 λαννουαρέου
659 3568 746 3637 μηνδς
760 3597 793 3608 -
810 3573 842 3620 14
860 3565 948 3621 πάλαι
967 3567 989 3623 S
1060 3573 1093 3621 17
1112 3565 1183 3621 κατὰ
1197 3576 1270 3635 τῶν,

247 3636 297 3692 τὸν
316 3654 452 3707 suprascr.
471 3639 500 3691 B
