2760 4234
404 286 511 340 LIBER
529 285 705 351 QUARTUS.
732 288 893 343 MARTIUS
1089 290 1152 354 109

145 449 206 538 μὲν
237 450 435 533 ἀνατολικὴν
460 451 543 536 πρὸς
570 453 670 516 νότον
697 450 734 516 έν
761 463 910 536 χειμῶνι,
943 452 1004 535 τὴν
1032 449 1069 517 δὲ
1096 457 1153 537 βο·
1166 464 1192 518 Χ

146 562 240 644 ρείαν
261 559 342 642 πρὸς
366 558 492 641 όυσμάς
516 557 553 622 έν
575 567 620 647 τῳ
643 556 745 644 θέρει.
789 557 845 623 καὶ
867 568 970 624 ταῦτα
992 556 1053 643 μὲν
1076 559 1152 647 περὶ

146 666 325 730 Διονύσου.
367 662 425 728 Ἐν
447 660 484 728 δέ
506 674 545 750 τῆ
567 663 672 752 ἡμέρῳ
694 676 761 730 τῶν
784 670 1022 750 Βακχαναλίων
1040 671 1153 752 Δημό-

145 795 255 858 κριτος
279 772 419 836 δύεσθαι
442 773 520 847 τούς
544 772 663 854 ίχθύας
686 771 787 854 λέγει,
814 772 832 837 ὁ
856 769 894 837 δὲ
912 774 1055 860 Βάρρων
1078 773 1153 840 ἀνε-

145 882 310 964 μομαχίαν
332 881 468 943 ἔσεσθαι
489 879 727 963 παραδίδωσιν.
764 878 868 955 οὕτως
889 875 952 963 μὲν
973 879 994 962 ῆ
1017 884 1153 946 παλαιό
1180 906 1193 946 ι

143 1011 201 1070 της
222 983 299 1070 περὶ
322 986 362 1049 τά
384 985 557 1050 Διονύσια.

90 1103 217 1158 ἀσωτία
235 1090 286 1155 52.
303 1089 374 1155 ’Ότι
398 1089 435 1155 έν
453 1099 498 1176 τῷ
517 1093 716 1178 Καπιτωλίῳ
734 1101 875 1176 ταραχῆς
894 1091 1071 1176 γενομένης
1089 1094 1155 1159 ὑπὸ
1170 1103 1187 1157 S

143 1210 212 1264 τῶν
235 1208 439 1263 στασιαστῶν
462 1195 590 1278 λέγεται
613 1206 792 1280 τηνικαῦτα
814 1198 970 1282 ποιμένος
994 1197 1154 1282 ἐπιφανῆ-

143 1329 200 1370 ναι
224 1303 381 1382 δόξαντος
403 1311 449 1390 τῳ
471 1305 561 1388 τόπῳ
584 1300 638 1366 καλ
657 1306 831 1388 κρίναντος
849 1304 894 1379 ὡς
912 1303 1014 1368 αὐτὸν
1033 1321 1154 1388 συναχ-

143 1419 248 1494 θῆναι
270 1410 330 1474 τὸν
353 1410 474 1492 δῆμον,
502 1408 706 1492 συνδραμεῖν
733 1403 770 1471 δὲ
792 1409 828 1471 τὸ
854 1413 996 1490 πλῆθος·
1024 1407 1153 1475 κάκείσε
1166 1435 1193 1474 ω

144 1518 228 1601 πρὸς
250 1524 310 1580 τοῦ
333 1513 490 1597 ποιμένος
515 1523 583 1578 τῶν
610 1513 787 1596 βαναύσων
810 1513 1044 1598 χωρισθέντων
1067 1517 1155 1601 είρῆ-

145 1646 209 1705 νην
231 1617 292 1705 μὲν
314 1629 359 1707 τῳ
384 1621 475 1707 ὃῆμῳ
498 1618 667 1703 γενέσθαι,
690 1617 794 1683 αὐτὸν
816 1616 854 1684 δέ
876 1619 1113 1705 ἀφανισθῆναι.

89 1738 219 1794 ᾰοοειιιτ
241 1727 293 1793 53.
315 1725 386 1792 Ὅτι
408 1727 512 1809 πολλῆ
537 1737 606 1803 τοίς
627 1728 802 1809 θεολόγοις
821 1728 972 1811 διαφανῆ
995 1727 1070 1813 περὶ
1092 1740 1153 1794 τοῦ

144 1833 220 1919 παρ’
238 1833 402 1919 Ἑβραίων
430 1832 617 1918 τιμωμένου
644 1840 728 1899 θεοῦ
754 1831 815 1898 καλΙ
831 1832 948 1916 γέγονε
970 1832 1026 1898 καλ
1049 1836 1152 1900 ἔστιν·

145 1942 323 2024 Αίγύπτιοι
354 1942 418 2027 γὰρ
450 1938 505 2004 καλ
536 1951 665 2025 πρῶτος
687 1938 808 2024 Ἑρμῆς
826 1939 968 2026 Ὄσιριν·
986 1942 1046 2006 τὸν
1073 1943 1154 2007 όντα
1166 1965 1193 2006 15

143 2054 366 2131 θεολογοῦσιν
389 2045 501 2129 αὐτόν,
523 2044 599 2132 περὶ
622 2041 663 2110 οὗ
682 2047 825 2111 Πλάτων
848 2046 885 2112 έν
907 2051 1031 2135 Τιμαίῳ
1051 2047 1151 2130 λέγει·

145 2154 192 2218 ‘vl
211 2154 248 2218 τὸ
272 2153 312 2218 ὂν
334 2149 395 2236 μὲν
417 2152 483 2235 ἀεί,
511 2150 642 2235 γένεσιν
664 2148 702 2216 δὲ
725 2153 785 2218 οὐκ
809 2156 899 2238 ἔχον,
927 2158 962 2218 τί
982 2150 1020 2218 θλ
1042 2155 1078 2218 τὸ
1102 2178 1152 2236 γι-

143 2263 297 2345 νόμενον,
330 2259 370 2324 ὃν
397 2255 435 2323 δέ
463 2257 645 2343 ούόέποτε;’
669 2257 827 2342 Ἕλληνες
858 2256 895 2324 δέ
926 2261 986 2323 τὸν
1007 2258 1152 2344 Ὀρφέως

144 2369 327 2449 Διόνυσον,
350 2366 411 2450 ὅτι,
434 2366 479 2441 ὡς
502 2365 600 2430 αύτοί
620 2382 711 2449 φασι,
734 2366 817 2451 πρὸς
839 2373 885 2452 τῳ
907 2363 1017 2451 ἀδύτῳ
1035 2374 1096 2430 τοῦ
1115 2364 1153 2429 ἐν

140 2472 384 2559 Ἱερυσολύμοις
407 2480 490 2536 ναοῦ
514 2469 546 2548 ἐξ
570 2469 732 2557 ἑκατέρων
755 2477 914 2554 σταθμῶν
936 2471 972 2534 τὸ
993 2468 1074 2556 πρὶν
1092 2472 1151 2555 ἀμ·
1165 2498 1191 2536 ιο

143 2585 238 2644 πελοι
268 2578 332 2643 ἀπὸ
362 2587 487 2664 χρυσοῦ
518 2575 733 2662 πεποιημένοι
759 2577 956 2642 ἀνέστελλον
982 2579 1022 2642 τὰ
1048 2599 1152 2664 παρα-

142 2687 332 2769 πετάσματα
354 2685 390 2750 έκ
411 2685 586 2771 πορφύρας
612 2682 668 2749 καλ
694 2687 825 2766 κόκκου
841 2683 1090 2768 πεποικιλμένα,
1119 2683 1150 2762 έξ

142 2787 193 2858 ὧν
214 2791 269 2857 καὶ
292 2791 459 2875 ὑπέλαβον
481 2792 655 2856 Διονύσου
678 2786 822 2856 εἶναιτὸ
847 2792 950 2876 ἱερόν·
974 2793 1091 2874 Λίβιος
1114 2787 1152 2855 δὲ

142 2899 182 2965 έν
211 2909 250 2985 τῆ
280 2901 430 2963 καθόλου
453 2897 610 2984 Ῥωμαικῆ
642 2899 770 2983 ἱστορία
799 2898 971 2979 ἀγνωστον
999 2898 1059 2962 τὸν
1086 2896 1153 2962 ἐκεῖ

140 3007 329 3090 τιμώμενόν
361 3023 455 3088 φησι·
491 3005 596 3091 τούτῳ
634 3001 671 3069 δὲ
703 3003 896 3080 ἀκολούθως
928 3003 946 3068 ὁ
980 3004 1152 3078 Λούκανος
1165 3027 1192 3068 οε

216 3179 240 3215 v.
256 3167 271 3214 3
291 3160 466 3215 Democritus
485 3163 513 3214 et
526 3160 615 3214 Varro
629 3159 815 3214 Waehsmuth
833 3160 867 3213 de
886 3162 938 3213 ost.
952 3177 979 3228 p.
995 3164 1046 3211 296
1065 3175 1105 3211 nr.
1118 3163 1151 3212 13

144 3240 179 3289 16
199 3231 280 3286 Plato
295 3231 365 3286 Tim.
384 3250 410 3300 p.
426 3231 492 3284 271)
564 3238 598 3285 23
616 3230 689 3284 Livii
707 3229 800 3285 locum
818 3230 944 3284 extitisse
962 3229 1104 3297 quondam
1121 3227 1152 3280 in

141 3305 218 3360 libro
233 3303 280 3358 CII
299 3302 332 3357 oi.
346 3301 453 3356 Usener
469 3302 500 3355 in
516 3302 552 3357 M.
567 3302 677 3356 Annaei
690 3301 797 3356 Lucani
811 3299 1017 3355 nommentariis
1030 3299 1152 3354 Beruen-

141 3377 222 3430 sibus
242 3375 279 3427 ad
292 3373 387 3428 Phars.
402 3391 440 3428 vs.
454 3373 482 3426 11
496 3379 556 3443 592,
575 3372 625 3428 ubi
639 3373 737 3428 eadem
751 3375 835 3441 atque
849 3373 902 3426 hoc
916 3371 978 3425 loco
992 3371 1150 3426 traduntur.

141 3452 177 3502 25
197 3447 301 3499 Luoan.
319 3444 415 3498 Phars.
434 3444 461 3497 II
480 3450 530 3499 592

216 3607 239 3641 v.
257 3594 270 3641 1
291 3586 429 3656 ἀνατολὴν
446 3587 473 3639 Β
541 3592 573 3639 17
593 3583 643 3654 μέν
662 3585 739 3640 omis.
759 3585 840 3639 Plato
857 3586 861 3654 Ι
877 3586 924 3638 καὶ
942 3585 969 3638 τλ
988 3581 1151 3655 γιγνόμενον

143 3659 196 3732 μὲν
214 3657 259 3712 ἀεί
278 3657 358 3712 Plato
431 3663 464 3710 23
483 3655 588 3719 λίλαιος
605 3657 633 3725 S,
655 3654 753 3727 Λίβιος
771 3655 869 3725 scripsi
